symbol,timestamp,source,data_type,bid,ask,price,volume,spread_raw,spread_table,volatility,market_sentiment,trading_activity
SHEL,1736081410598,YLIFE_FEED,MARKET_DATA,-1.0,-1.0,64.34,5021535.0,-1.0,-1.0,0.402,-0.313,60.21
SHEL,1736081410738,YLIFE_FEED,MARKET_DATA,-1.0,-1.0,64.52,5138018.0,-1.0,-1.0,0.397,-0.293,63.04
COP,1736081412351,YLIFE_FEED,MARKET_DATA,-1.0,-1.0,100.72,3197362.0,-1.0,-1.0,1.487,0.197,30.91
XOM,1736081420723,YLIFE_FEED,MARKET_DATA,-1.0,-1.0,108.51,14073097.0,-1.0,-1.0,0.4,0.008,57.89
BP,1736081421811,YLIFE_FEED,MARKET_DATA,-1.0,-1.0,30.52,6407996.0,-1.0,-1.0,0.682,0.345,42.82
BP,1736081423325,YLIFE_FEED,MARKET_DATA,-1.0,-1.0,30.51,6101158.0,-1.0,-1.0,0.68,0.294,38.09
XOM,1736081424789,YLIFE_FEED,MARKET_DATA,-1.0,-1.0,108.31,14676147.0,-1.0,-1.0,0.407,0.084,61.83
SHEL,1736081431012,YLIFE_FEED,MARKET_DATA,-1.0,-1.0,64.23,5169852.0,-1.0,-1.0,0.385,-0.509,59.65
BP,1736081432399,YLIFE_FEED,MARKET_DATA,-1.0,-1.0,30.52,6214507.0,-1.0,-1.0,0.68,0.333,36.74
XOM,1736081434904,YLIFE_FEED,MARKET_DATA,-1.0,-1.0,108.46,15388515.0,-1.0,-1.0,0.418,-0.021,56.66
XOM,1736081435773,YLIFE_FEED,MARKET_DATA,-1.0,-1.0,108.33,15463377.0,-1.0,-1.0,0.424,-0.01,56.56
COP,1736081437392,YLIFE_FEED,MARKET_DATA,-1.0,-1.0,100.71,3639211.0,-1.0,-1.0,1.49,0.084,24.76
SHEL,1736081438964,YLIFE_FEED,MARKET_DATA,-1.0,-1.0,64.51,5402858.0,-1.0,-1.0,0.379,-0.451,57.74
COP,1736081439845,YLIFE_FEED,MARKET_DATA,-1.0,-1.0,100.8,3572819.0,-1.0,-1.0,1.505,0.059,20.07
XOM,1736081455567,YLIFE_FEED,MARKET_DATA,-1.0,-1.0,108.74,15913683.0,-1.0,-1.0,0.412,0.029,58.88
BP,1736081458609,YLIFE_FEED,MARKET_DATA,-1.0,-1.0,30.43,6437400.0,-1.0,-1.0,0.677,0.334,41.97
XOM,1736081461402,YLIFE_FEED,MARKET_DATA,-1.0,-1.0,108.71,14673882.0,-1.0,-1.0,0.415,0.04,63.22
BP,1736081469366,YLIFE_FEED,MARKET_DATA,-1.0,-1.0,30.37,6701783.0,-1.0,-1.0,0.681,0.179,37.57
XOM,1736081471127,YLIFE_FEED,MARKET_DATA,-1.0,-1.0,108.79,14242087.0,-1.0,-1.0,0.414,0.044,61.22
SHEL,1736081472231,YLIFE_FEED,MARKET_DATA,-1.0,-1.0,65.12,5546349.0,-1.0,-1.0,0.382,-0.313,55.09
BP,1736081475651,YLIFE_FEED,MARKET_DATA,-1.0,-1.0,30.4,6745715.0,-1.0,-1.0,0.679,0.195,41.54
COP,1736081476462,YLIFE_FEED,MARKET_DATA,-1.0,-1.0,100.1,3350245.0,-1.0,-1.0,1.532,0.15,29.14
SHEL,1736081477709,YLIFE_FEED,MARKET_DATA,-1.0,-1.0,64.92,5569792.0,-1.0,-1.0,0.396,-0.486,54.84
COP,1736081479349,YLIFE_FEED,MARKET_DATA,-1.0,-1.0,100.39,3205168.0,-1.0,-1.0,1.549,0.138,33.13
XOM,1736081479980,YLIFE_FEED,MARKET_DATA,-1.0,-1.0,108.81,14655699.0,-1.0,-1.0,0.417,0.108,64.6
BP,1736081481913,YLIFE_FEED,MARKET_DATA,-1.0,-1.0,30.39,6611759.0,-1.0,-1.0,0.675,0.127,38.2
COP,1736081484031,YLIFE_FEED,MARKET_DATA,-1.0,-1.0,99.94,3303733.0,-1.0,-1.0,1.547,0.12,37.95
COP,1736081485408,YLIFE_FEED,MARKET_DATA,-1.0,-1.0,100.16,3146330.0,-1.0,-1.0,1.554,0.077,33.77
XOM,1736081486970,YLIFE_FEED,MARKET_DATA,-1.0,-1.0,109.02,14474101.0,-1.0,-1.0,0.419,0.138,67.55
SHEL,1736081488962,YLIFE_FEED,MARKET_DATA,-1.0,-1.0,64.79,5758875.0,-1.0,-1.0,0.388,-0.451,58.47
SHEL,1736081489093,YLIFE_FEED,MARKET_DATA,-1.0,-1.0,64.88,5595815.0,-1.0,-1.0,0.38,-0.498,53.65
XOM,1736081495328,YLIFE_FEED,MARKET_DATA,-1.0,-1.0,108.93,14796144.0,-1.0,-1.0,0.42,0.087,65.31
BP,1736081496107,YLIFE_FEED,MARKET_DATA,-1.0,-1.0,30.15,6939439.0,-1.0,-1.0,0.669,0.09,32.67
SHEL,1736081496287,YLIFE_FEED,MARKET_DATA,-1.0,-1.0,64.85,5779371.0,-1.0,-1.0,0.388,-0.514,58.28
BP,1736081497048,YLIFE_FEED,MARKET_DATA,-1.0,-1.0,30.13,7282291.0,-1.0,-1.0,0.669,0.134,33.29
XOM,1736081501191,YLIFE_FEED,MARKET_DATA,-1.0,-1.0,109.19,13951144.0,-1.0,-1.0,0.425,-0.054,57.51
SHEL,1736081505716,YLIFE_FEED,MARKET_DATA,-1.0,-1.0,64.68,5942572.0,-1.0,-1.0,0.397,-0.641,56.19
SHEL,1736081509267,YLIFE_FEED,MARKET_DATA,-1.0,-1.0,64.56,6221273.0,-1.0,-1.0,0.402,-0.58,59.85
COP,1736081512142,YLIFE_FEED,MARKET_DATA,-1.0,-1.0,100.05,3095528.0,-1.0,-1.0,1.516,0.258,39.33
SHEL,1736081517020,YLIFE_FEED,MARKET_DATA,-1.0,-1.0,64.8,6105273.0,-1.0,-1.0,0.397,-0.611,65.23
SHEL,1736081521227,YLIFE_FEED,MARKET_DATA,-1.0,-1.0,64.32,5929593.0,-1.0,-1.0,0.403,-0.599,65.92
SHEL,1736081522834,YLIFE_FEED,MARKET_DATA,-1.0,-1.0,64.63,5841264.0,-1.0,-1.0,0.401,-0.622,61.75
SHEL,1736081524134,YLIFE_FEED,MARKET_DATA,-1.0,-1.0,64.41,5799647.0,-1.0,-1.0,0.406,-0.722,61.29
BP,1736081528014,YLIFE_FEED,MARKET_DATA,-1.0,-1.0,29.82,7111074.0,-1.0,-1.0,0.652,0.041,33.71
SHEL,1736081530613,YLIFE_FEED,MARKET_DATA,-1.0,-1.0,64.35,5665730.0,-1.0,-1.0,0.415,-0.854,64.68
BP,1736081535112,YLIFE_FEED,MARKET_DATA,-1.0,-1.0,29.93,7729026.0,-1.0,-1.0,0.664,-0.014,39.86
COP,1736081536005,YLIFE_FEED,MARKET_DATA,-1.0,-1.0,99.19,3164717.0,-1.0,-1.0,1.479,0.312,44.4
BP,1736081538553,YLIFE_FEED,MARKET_DATA,-1.0,-1.0,29.91,7643694.0,-1.0,-1.0,0.659,0.06,38.3
BP,1736081539503,YLIFE_FEED,MARKET_DATA,-1.0,-1.0,29.76,7574633.0,-1.0,-1.0,0.666,0.063,37.8
BP,1736081540340,YLIFE_FEED,MARKET_DATA,-1.0,-1.0,29.84,7388725.0,-1.0,-1.0,0.661,0.054,40.89
BP,1736081545419,YLIFE_FEED,MARKET_DATA,-1.0,-1.0,30.04,7322789.0,-1.0,-1.0,0.674,-0.032,48.25
SHEL,1736081549226,YLIFE_FEED,MARKET_DATA,-1.0,-1.0,64.03,5437067.0,-1.0,-1.0,0.433,-0.788,64.0
SHEL,1736081550236,YLIFE_FEED,MARKET_DATA,-1.0,-1.0,64.11,5166771.0,-1.0,-1.0,0.437,-0.701,65.1
XOM,1736081555089,YLIFE_FEED,MARKET_DATA,-1.0,-1.0,109.77,12393771.0,-1.0,-1.0,0.41,-0.103,79.14
XOM,1736081556593,YLIFE_FEED,MARKET_DATA,-1.0,-1.0,109.35,12414902.0,-1.0,-1.0,0.418,-0.034,80.16
SHEL,1736081560404,YLIFE_FEED,MARKET_DATA,-1.0,-1.0,64.4,5091892.0,-1.0,-1.0,0.437,-0.741,68.67
COP,1736081563035,YLIFE_FEED,MARKET_DATA,-1.0,-1.0,100.66,3063217.0,-1.0,-1.0,1.554,0.305,48.89
COP,1736081564906,YLIFE_FEED,MARKET_DATA,-1.0,-1.0,100.82,3146148.0,-1.0,-1.0,1.582,0.246,53.01
XOM,1736081568404,YLIFE_FEED,MARKET_DATA,-1.0,-1.0,109.89,12104879.0,-1.0,-1.0,0.414,0.057,80.63
COP,1736081571330,YLIFE_FEED,MARKET_DATA,-1.0,-1.0,101.45,3146189.0,-1.0,-1.0,1.542,0.316,50.19
COP,1736081571716,YLIFE_FEED,MARKET_DATA,-1.0,-1.0,101.14,3245392.0,-1.0,-1.0,1.561,0.243,51.84
XOM,1736081575128,YLIFE_FEED,MARKET_DATA,-1.0,-1.0,110.03,12451908.0,-1.0,-1.0,0.418,0.044,87.34
BP,1736081575249,YLIFE_FEED,MARKET_DATA,-1.0,-1.0,30.35,6501621.0,-1.0,-1.0,0.652,-0.273,48.93
BP,1736081576080,YLIFE_FEED,MARKET_DATA,-1.0,-1.0,30.23,6630313.0,-1.0,-1.0,0.64,-0.308,46.58
BP,1736081577482,YLIFE_FEED,MARKET_DATA,-1.0,-1.0,30.09,6820847.0,-1.0,-1.0,0.639,-0.349,42.58
COP,1736081577727,YLIFE_FEED,MARKET_DATA,-1.0,-1.0,101.01,3311114.0,-1.0,-1.0,1.561,0.183,56.15
SHEL,1736081578143,YLIFE_FEED,MARKET_DATA,-1.0,-1.0,64.42,5121278.0,-1.0,-1.0,0.427,-0.686,72.26
BP,1736081584666,YLIFE_FEED,MARKET_DATA,-1.0,-1.0,30.11,6520407.0,-1.0,-1.0,0.63,-0.253,40.07
XOM,1736081587204,YLIFE_FEED,MARKET_DATA,-1.0,-1.0,110.83,11754002.0,-1.0,-1.0,0.43,0.066,92.33
COP,1736081589304,YLIFE_FEED,MARKET_DATA,-1.0,-1.0,100.08,3340773.0,-1.0,-1.0,1.596,0.026,59.32
COP,1736081590566,YLIFE_FEED,MARKET_DATA,-1.0,-1.0,100.12,3406614.0,-1.0,-1.0,1.606,-0.047,55.18
XOM,1736081593741,YLIFE_FEED,MARKET_DATA,-1.0,-1.0,110.73,12040654.0,-1.0,-1.0,0.431,0.232,90.24
COP,1736081594982,YLIFE_FEED,MARKET_DATA,-1.0,-1.0,100.03,3576842.0,-1.0,-1.0,1.632,-0.135,56.15
COP,1736081595378,YLIFE_FEED,MARKET_DATA,-1.0,-1.0,100.04,3433117.0,-1.0,-1.0,1.605,-0.048,53.16
COP,1736081596519,YLIFE_FEED,MARKET_DATA,-1.0,-1.0,100.49,3694066.0,-1.0,-1.0,1.623,0.043,53.51
XOM,1736081598079,YLIFE_FEED,MARKET_DATA,-1.0,-1.0,110.93,12370870.0,-1.0,-1.0,0.432,0.39,91.5
XOM,1736081602282,YLIFE_FEED,MARKET_DATA,-1.0,-1.0,111.08,12918033.0,-1.0,-1.0,0.429,0.351,86.95
COP,1736081604755,YLIFE_FEED,MARKET_DATA,-1.0,-1.0,100.49,3761771.0,-1.0,-1.0,1.656,0.124,52.3
XOM,1736081608616,YLIFE_FEED,MARKET_DATA,-1.0,-1.0,110.69,13334142.0,-1.0,-1.0,0.437,0.421,82.66
SHEL,1736081611661,YLIFE_FEED,MARKET_DATA,-1.0,-1.0,64.51,4799528.0,-1.0,-1.0,0.438,-0.791,69.53
BP,1736081612644,YLIFE_FEED,MARKET_DATA,-1.0,-1.0,30.19,6310154.0,-1.0,-1.0,0.641,-0.133,33.43
XOM,1736081612777,YLIFE_FEED,MARKET_DATA,-1.0,-1.0,110.14,13122566.0,-1.0,-1.0,0.444,0.52,82.85
BP,1736081613379,YLIFE_FEED,MARKET_DATA,-1.0,-1.0,30.11,6085714.0,-1.0,-1.0,0.651,-0.18,28.44
BP,1736081615868,YLIFE_FEED,MARKET_DATA,-1.0,-1.0,30.29,6109375.0,-1.0,-1.0,0.656,-0.072,30.05
SHEL,1736081616938,YLIFE_FEED,MARKET_DATA,-1.0,-1.0,64.71,5019295.0,-1.0,-1.0,0.446,-0.87,70.48
XOM,1736081617646,YLIFE_FEED,MARKET_DATA,-1.0,-1.0,110.05,12691846.0,-1.0,-1.0,0.449,0.6,86.06
XOM,1736081619927,YLIFE_FEED,MARKET_DATA,-1.0,-1.0,110.49,12611195.0,-1.0,-1.0,0.455,0.514,89.31
COP,1736081624266,YLIFE_FEED,MARKET_DATA,-1.0,-1.0,100.64,4145457.0,-1.0,-1.0,1.62,0.136,51.41
XOM,1736081628769,YLIFE_FEED,MARKET_DATA,-1.0,-1.0,110.74,12102610.0,-1.0,-1.0,0.454,0.512,85.11
XOM,1736081637064,YLIFE_FEED,MARKET_DATA,-1.0,-1.0,111.65,11429509.0,-1.0,-1.0,0.466,0.347,84.42
COP,1736081637762,YLIFE_FEED,MARKET_DATA,-1.0,-1.0,100.61,3904412.0,-1.0,-1.0,1.558,0.219,51.01
XOM,1736081638492,YLIFE_FEED,MARKET_DATA,-1.0,-1.0,111.6,11368930.0,-1.0,-1.0,0.461,0.341,81.3
COP,1736081639657,YLIFE_FEED,MARKET_DATA,-1.0,-1.0,100.6,3727431.0,-1.0,-1.0,1.536,0.215,52.26
SHEL,1736081641323,YLIFE_FEED,MARKET_DATA,-1.0,-1.0,64.44,5259962.0,-1.0,-1.0,0.444,-0.782,73.9
XOM,1736081643414,YLIFE_FEED,MARKET_DATA,-1.0,-1.0,111.34,10733171.0,-1.0,-1.0,0.465,0.432,75.34
COP,1736081644989,YLIFE_FEED,MARKET_DATA,-1.0,-1.0,100.54,3732419.0,-1.0,-1.0,1.529,0.13,49.65
COP,1736081645502,YLIFE_FEED,MARKET_DATA,-1.0,-1.0,100.89,3548656.0,-1.0,-1.0,1.559,0.06,51.51
XOM,1736081647938,YLIFE_FEED,MARKET_DATA,-1.0,-1.0,111.76,10517300.0,-1.0,-1.0,0.46,0.472,69.83
BP,1736081650764,YLIFE_FEED,MARKET_DATA,-1.0,-1.0,30.05,6237444.0,-1.0,-1.0,0.652,-0.115,36.75
COP,1736081653257,YLIFE_FEED,MARKET_DATA,-1.0,-1.0,101.29,3648867.0,-1.0,-1.0,1.58,0.103,52.31
SHEL,1736081662368,YLIFE_FEED,MARKET_DATA,-1.0,-1.0,63.96,5257666.0,-1.0,-1.0,0.406,-0.951,85.9
COP,1736081664640,YLIFE_FEED,MARKET_DATA,-1.0,-1.0,101.82,3621822.0,-1.0,-1.0,1.504,-0.068,49.33
SHEL,1736081666971,YLIFE_FEED,MARKET_DATA,-1.0,-1.0,63.89,4951029.0,-1.0,-1.0,0.405,-1.0,86.88
XOM,1736081676670,YLIFE_FEED,MARKET_DATA,-1.0,-1.0,111.01,10271714.0,-1.0,-1.0,0.481,0.445,75.73
SHEL,1736081679088,YLIFE_FEED,MARKET_DATA,-1.0,-1.0,64.33,4668419.0,-1.0,-1.0,0.403,-1.0,80.32
SHEL,1736081683990,YLIFE_FEED,MARKET_DATA,-1.0,-1.0,64.57,4474181.0,-1.0,-1.0,0.408,-1.0,77.09
XOM,1736081685312,YLIFE_FEED,MARKET_DATA,-1.0,-1.0,111.61,10162960.0,-1.0,-1.0,0.476,0.461,69.85
SHEL,1736081686734,YLIFE_FEED,MARKET_DATA,-1.0,-1.0,64.64,4456273.0,-1.0,-1.0,0.409,-0.953,76.23
COP,1736081689833,YLIFE_FEED,MARKET_DATA,-1.0,-1.0,100.54,3432385.0,-1.0,-1.0,1.509,-0.027,46.11
XOM,1736081693325,YLIFE_FEED,MARKET_DATA,-1.0,-1.0,111.32,10636066.0,-1.0,-1.0,0.48,0.423,64.74
SHEL,1736081694058,YLIFE_FEED,MARKET_DATA,-1.0,-1.0,64.85,4321627.0,-1.0,-1.0,0.406,-0.906,81.08
COP,1736081699569,YLIFE_FEED,MARKET_DATA,-1.0,-1.0,101.02,3457951.0,-1.0,-1.0,1.51,0.008,45.87
SHEL,1736081701141,YLIFE_FEED,MARKET_DATA,-1.0,-1.0,64.66,4239826.0,-1.0,-1.0,0.416,-0.779,81.09
XOM,1736081709122,YLIFE_FEED,MARKET_DATA,-1.0,-1.0,111.59,9840384.0,-1.0,-1.0,0.468,0.33,61.77
BP,1736081714108,YLIFE_FEED,MARKET_DATA,-1.0,-1.0,30.29,5696040.0,-1.0,-1.0,0.627,-0.1,45.97
COP,1736081715759,YLIFE_FEED,MARKET_DATA,-1.0,-1.0,100.74,3575581.0,-1.0,-1.0,1.532,0.028,43.47
COP,1736081721185,YLIFE_FEED,MARKET_DATA,-1.0,-1.0,100.97,3462023.0,-1.0,-1.0,1.526,0.11,44.97
XOM,1736081721704,YLIFE_FEED,MARKET_DATA,-1.0,-1.0,110.02,9490554.0,-1.0,-1.0,0.494,0.411,70.04
COP,1736081724282,YLIFE_FEED,MARKET_DATA,-1.0,-1.0,101.13,3510830.0,-1.0,-1.0,1.541,0.063,41.51
SHEL,1736081729857,YLIFE_FEED,MARKET_DATA,-1.0,-1.0,64.49,4139678.0,-1.0,-1.0,0.398,-0.824,81.14
XOM,1736081731718,YLIFE_FEED,MARKET_DATA,-1.0,-1.0,110.3,9538182.0,-1.0,-1.0,0.477,0.519,60.4
COP,1736081735226,YLIFE_FEED,MARKET_DATA,-1.0,-1.0,101.95,3218875.0,-1.0,-1.0,1.653,0.355,37.41
BP,1736081741038,YLIFE_FEED,MARKET_DATA,-1.0,-1.0,30.61,6267548.0,-1.0,-1.0,0.638,-0.033,32.77
BP,1736081742806,YLIFE_FEED,MARKET_DATA,-1.0,-1.0,30.64,5978093.0,-1.0,-1.0,0.636,-0.122,29.69
BP,1736081744064,YLIFE_FEED,MARKET_DATA,-1.0,-1.0,30.5,5911243.0,-1.0,-1.0,0.631,-0.111,33.29
SHEL,1736081747540,YLIFE_FEED,MARKET_DATA,-1.0,-1.0,64.94,3880379.0,-1.0,-1.0,0.405,-0.915,71.43
SHEL,1736081751681,YLIFE_FEED,MARKET_DATA,-1.0,-1.0,65.17,3802567.0,-1.0,-1.0,0.411,-0.929,70.64
BP,1736081754030,YLIFE_FEED,MARKET_DATA,-1.0,-1.0,30.43,6054348.0,-1.0,-1.0,0.628,-0.056,31.79
COP,1736081755636,YLIFE_FEED,MARKET_DATA,-1.0,-1.0,101.75,3131239.0,-1.0,-1.0,1.703,0.368,31.06
BP,1736081757358,YLIFE_FEED,MARKET_DATA,-1.0,-1.0,30.55,5825428.0,-1.0,-1.0,0.634,-0.04,27.38
BP,1736081762132,YLIFE_FEED,MARKET_DATA,-1.0,-1.0,30.55,6102233.0,-1.0,-1.0,0.644,0.048,22.4
SHEL,1736081763703,YLIFE_FEED,MARKET_DATA,-1.0,-1.0,64.39,3758124.0,-1.0,-1.0,0.409,-0.991,68.74
BP,1736081764190,YLIFE_FEED,MARKET_DATA,-1.0,-1.0,30.47,6222522.0,-1.0,-1.0,0.651,0.059,23.47
SHEL,1736081773331,YLIFE_FEED,MARKET_DATA,-1.0,-1.0,64.29,3681146.0,-1.0,-1.0,0.41,-0.92,71.44
SHEL,1736081774168,YLIFE_FEED,MARKET_DATA,-1.0,-1.0,64.59,3535825.0,-1.0,-1.0,0.417,-0.869,72.39
XOM,1736081775009,YLIFE_FEED,MARKET_DATA,-1.0,-1.0,108.99,9021878.0,-1.0,-1.0,0.471,0.59,68.67
SHEL,1736081775402,YLIFE_FEED,MARKET_DATA,-1.0,-1.0,64.66,3389852.0,-1.0,-1.0,0.423,-0.966,72.05
COP,1736081777303,YLIFE_FEED,MARKET_DATA,-1.0,-1.0,102.23,3048357.0,-1.0,-1.0,1.675,0.447,33.49
XOM,1736081779216,YLIFE_FEED,MARKET_DATA,-1.0,-1.0,109.48,8670336.0,-1.0,-1.0,0.477,0.612,66.74
COP,1736081779876,YLIFE_FEED,MARKET_DATA,-1.0,-1.0,101.95,3065276.0,-1.0,-1.0,1.693,0.415,27.11
COP,1736081783006,YLIFE_FEED,MARKET_DATA,-1.0,-1.0,101.18,3027302.0,-1.0,-1.0,1.742,0.349,21.99
SHEL,1736081790874,YLIFE_FEED,MARKET_DATA,-1.0,-1.0,64.67,3044783.0,-1.0,-1.0,0.425,-0.975,65.46
COP,1736081792487,YLIFE_FEED,MARKET_DATA,-1.0,-1.0,101.69,3094051.0,-1.0,-1.0,1.727,0.447,18.93
SHEL,1736081795717,YLIFE_FEED,MARKET_DATA,-1.0,-1.0,64.42,3162189.0,-1.0,-1.0,0.423,-0.929,65.1
BP,1736081795898,YLIFE_FEED,MARKET_DATA,-1.0,-1.0,30.33,7168575.0,-1.0,-1.0,0.635,0.035,5.87
SHEL,1736081797726,YLIFE_FEED,MARKET_DATA,-1.0,-1.0,64.38,3289065.0,-1.0,-1.0,0.417,-0.858,68.68
BP,1736081798897,YLIFE_FEED,MARKET_DATA,-1.0,-1.0,30.19,6882017.0,-1.0,-1.0,0.633,0.125,5.31
XOM,1736081808403,YLIFE_FEED,MARKET_DATA,-1.0,-1.0,109.48,8303347.0,-1.0,-1.0,0.459,0.525,75.74
COP,1736081813432,YLIFE_FEED,MARKET_DATA,-1.0,-1.0,100.71,2888273.0,-1.0,-1.0,1.625,0.54,9.53
BP,1736081814656,YLIFE_FEED,MARKET_DATA,-1.0,-1.0,30.2,6745834.0,-1.0,-1.0,0.632,0.065,2.56
BP,1736081816654,YLIFE_FEED,MARKET_DATA,-1.0,-1.0,30.21,6732132.0,-1.0,-1.0,0.625,-0.016,5.65
SHEL,1736081821041,YLIFE_FEED,MARKET_DATA,-1.0,-1.0,64.44,3729392.0,-1.0,-1.0,0.407,-0.917,66.86
COP,1736081823787,YLIFE_FEED,MARKET_DATA,-1.0,-1.0,101.11,2996556.0,-1.0,-1.0,1.654,0.617,12.47
BP,1736081826361,YLIFE_FEED,MARKET_DATA,-1.0,-1.0,30.18,6554282.0,-1.0,-1.0,0.642,0.055,0.0
SHEL,1736081839991,YLIFE_FEED,MARKET_DATA,-1.0,-1.0,64.52,3557801.0,-1.0,-1.0,0.395,-0.888,67.93
COP,1736081849933,YLIFE_FEED,MARKET_DATA,-1.0,-1.0,99.87,2522822.0,-1.0,-1.0,1.766,0.684,10.89
XOM,1736081851994,YLIFE_FEED,MARKET_DATA,-1.0,-1.0,109.27,7993569.0,-1.0,-1.0,0.45,0.537,66.25
XOM,1736081852982,YLIFE_FEED,MARKET_DATA,-1.0,-1.0,108.74,8197147.0,-1.0,-1.0,0.446,0.56,61.85
BP,1736081855455,YLIFE_FEED,MARKET_DATA,-1.0,-1.0,30.16,5991181.0,-1.0,-1.0,0.64,0.171,1.0
SHEL,1736081857051,YLIFE_FEED,MARKET_DATA,-1.0,-1.0,64.07,3102885.0,-1.0,-1.0,0.408,-0.958,76.0
SHEL,1736081861856,YLIFE_FEED,MARKET_DATA,-1.0,-1.0,63.79,3084394.0,-1.0,-1.0,0.409,-0.939,73.09
COP,1736081864783,YLIFE_FEED,MARKET_DATA,-1.0,-1.0,99.77,2559359.0,-1.0,-1.0,1.827,0.697,5.49
COP,1736081868493,YLIFE_FEED,MARKET_DATA,-1.0,-1.0,100.11,2537870.0,-1.0,-1.0,1.851,0.716,1.7
SHEL,1736081874286,YLIFE_FEED,MARKET_DATA,-1.0,-1.0,63.39,3174316.0,-1.0,-1.0,0.425,-0.691,65.95
SHEL,1736081883305,YLIFE_FEED,MARKET_DATA,-1.0,-1.0,63.15,3238523.0,-1.0,-1.0,0.43,-0.701,68.87
XOM,1736081884330,YLIFE_FEED,MARKET_DATA,-1.0,-1.0,108.64,7881197.0,-1.0,-1.0,0.456,0.579,50.41
BP,1736081885031,YLIFE_FEED,MARKET_DATA,-1.0,-1.0,29.96,6178563.0,-1.0,-1.0,0.629,0.19,7.46
COP,1736081887328,YLIFE_FEED,MARKET_DATA,-1.0,-1.0,100.3,2306951.0,-1.0,-1.0,1.869,0.698,7.89
COP,1736081890439,YLIFE_FEED,MARKET_DATA,-1.0,-1.0,100.39,2404757.0,-1.0,-1.0,1.897,0.664,6.8
SHEL,1736081891861,YLIFE_FEED,MARKET_DATA,-1.0,-1.0,63.13,3402988.0,-1.0,-1.0,0.417,-0.618,70.18
COP,1736081894934,YLIFE_FEED,MARKET_DATA,-1.0,-1.0,100.85,2535921.0,-1.0,-1.0,1.87,0.602,0.0
XOM,1736081897670,YLIFE_FEED,MARKET_DATA,-1.0,-1.0,109.63,7570947.0,-1.0,-1.0,0.448,0.864,50.33
SHEL,1736081901157,YLIFE_FEED,MARKET_DATA,-1.0,-1.0,63.07,3458148.0,-1.0,-1.0,0.411,-0.676,68.2
SHEL,1736081903045,YLIFE_FEED,MARKET_DATA,-1.0,-1.0,62.82,3556773.0,-1.0,-1.0,0.412,-0.62,63.66
COP,1736081904211,YLIFE_FEED,MARKET_DATA,-1.0,-1.0,100.33,2411917.0,-1.0,-1.0,1.8,0.696,4.81
XOM,1736081906194,YLIFE_FEED,MARKET_DATA,-1.0,-1.0,108.79,7828088.0,-1.0,-1.0,0.443,0.777,48.86
XOM,1736081907930,YLIFE_FEED,MARKET_DATA,-1.0,-1.0,109.05,8112668.0,-1.0,-1.0,0.441,0.779,45.29
COP,1736081909769,YLIFE_FEED,MARKET_DATA,-1.0,-1.0,100.49,2418535.0,-1.0,-1.0,1.772,0.787,2.46
SHEL,1736081911758,YLIFE_FEED,MARKET_DATA,-1.0,-1.0,62.57,3611383.0,-1.0,-1.0,0.42,-0.699,62.24
XOM,1736081913724,YLIFE_FEED,MARKET_DATA,-1.0,-1.0,109.24,8101829.0,-1.0,-1.0,0.439,0.88,46.69
BP,1736081914568,YLIFE_FEED,MARKET_DATA,-1.0,-1.0,29.83,6222296.0,-1.0,-1.0,0.63,0.01,10.9
COP,1736081922664,YLIFE_FEED,MARKET_DATA,-1.0,-1.0,100.54,2493022.0,-1.0,-1.0,1.759,0.751,2.79
COP,1736081926648,YLIFE_FEED,MARKET_DATA,-1.0,-1.0,100.05,2375963.0,-1.0,-1.0,1.74,0.752,4.37
COP,1736081928383,YLIFE_FEED,MARKET_DATA,-1.0,-1.0,100.1,2237357.0,-1.0,-1.0,1.704,0.753,3.22
COP,1736081929328,YLIFE_FEED,MARKET_DATA,-1.0,-1.0,100.51,2215285.0,-1.0,-1.0,1.725,0.778,6.21
SHEL,1736081931107,YLIFE_FEED,MARKET_DATA,-1.0,-1.0,62.71,3362488.0,-1.0,-1.0,0.427,-0.618,69.25
SHEL,1736081935515,YLIFE_FEED,MARKET_DATA,-1.0,-1.0,62.63,3240667.0,-1.0,-1.0,0.42,-0.543,67.1
SHEL,1736081947549,YLIFE_FEED,MARKET_DATA,-1.0,-1.0,62.54,3018168.0,-1.0,-1.0,0.405,-0.679,66.83
XOM,1736081947997,YLIFE_FEED,MARKET_DATA,-1.0,-1.0,109.39,8181856.0,-1.0,-1.0,0.438,0.863,50.37
COP,1736081949945,YLIFE_FEED,MARKET_DATA,-1.0,-1.0,102.21,2199447.0,-1.0,-1.0,1.665,1.0,3.58
XOM,1736081958900,YLIFE_FEED,MARKET_DATA,-1.0,-1.0,109.67,7964914.0,-1.0,-1.0,0.45,0.958,51.07
BP,1736081963529,YLIFE_FEED,MARKET_DATA,-1.0,-1.0,30.08,6208940.0,-1.0,-1.0,0.579,0.23,7.18
XOM,1736081964701,YLIFE_FEED,MARKET_DATA,-1.0,-1.0,109.48,7874829.0,-1.0,-1.0,0.454,0.889,48.31
COP,1736081965947,YLIFE_FEED,MARKET_DATA,-1.0,-1.0,102.32,2261820.0,-1.0,-1.0,1.669,0.983,6.58
BP,1736081973680,YLIFE_FEED,MARKET_DATA,-1.0,-1.0,30.05,5721160.0,-1.0,-1.0,0.584,0.237,10.57
COP,1736081974523,YLIFE_FEED,MARKET_DATA,-1.0,-1.0,102.93,2297151.0,-1.0,-1.0,1.71,0.948,5.51
COP,1736081979958,YLIFE_FEED,MARKET_DATA,-1.0,-1.0,102.26,2251847.0,-1.0,-1.0,1.725,1.0,13.06
SHEL,1736081982159,YLIFE_FEED,MARKET_DATA,-1.0,-1.0,63.12,2869047.0,-1.0,-1.0,0.391,-0.556,60.82
COP,1736081985012,YLIFE_FEED,MARKET_DATA,-1.0,-1.0,102.51,2343539.0,-1.0,-1.0,1.709,1.0,13.31
COP,1736081995099,YLIFE_FEED,MARKET_DATA,-1.0,-1.0,102.45,2208409.0,-1.0,-1.0,1.738,0.9,11.11
SHEL,1736081999057,YLIFE_FEED,MARKET_DATA,-1.0,-1.0,62.68,2605710.0,-1.0,-1.0,0.386,-0.615,61.02
XOM,1736082002140,YLIFE_FEED,MARKET_DATA,-1.0,-1.0,109.83,7894715.0,-1.0,-1.0,0.466,1.0,42.84
BP,1736082008638,YLIFE_FEED,MARKET_DATA,-1.0,-1.0,30.38,6659033.0,-1.0,-1.0,0.837,0.895,100.0
COP,1736082009526,YLIFE_FEED,MARKET_DATA,-1.0,-1.0,100.81,3149365.0,-1.0,-1.0,1.275,-0.736,4.9
COP,1736082013328,YLIFE_FEED,MARKET_DATA,-1.0,-1.0,101.63,3255848.0,-1.0,-1.0,1.296,-0.729,8.92
BP,1736082015235,YLIFE_FEED,MARKET_DATA,-1.0,-1.0,30.24,6715023.0,-1.0,-1.0,0.82,0.843,98.56
COP,1736082023036,YLIFE_FEED,MARKET_DATA,-1.0,-1.0,101.87,3020751.0,-1.0,-1.0,1.261,-0.797,7.82
XOM,1736082025744,YLIFE_FEED,MARKET_DATA,-1.0,-1.0,107.95,13764591.0,-1.0,-1.0,1.02,0.85,42.11
COP,1736082033205,YLIFE_FEED,MARKET_DATA,-1.0,-1.0,101.38,2884405.0,-1.0,-1.0,1.251,-0.751,6.31
XOM,1736082035960,YLIFE_FEED,MARKET_DATA,-1.0,-1.0,107.58,14245482.0,-1.0,-1.0,1.029,0.809,55.94
SHEL,1736082036983,YLIFE_FEED,MARKET_DATA,-1.0,-1.0,64.47,5008684.0,-1.0,-1.0,1.093,-0.716,22.84
COP,1736082039411,YLIFE_FEED,MARKET_DATA,-1.0,-1.0,101.89,2876762.0,-1.0,-1.0,1.206,-0.808,5.12
BP,1736082044363,YLIFE_FEED,MARKET_DATA,-1.0,-1.0,29.94,6156997.0,-1.0,-1.0,0.791,0.649,98.7
SHEL,1736082049683,YLIFE_FEED,MARKET_DATA,-1.0,-1.0,64.18,5002018.0,-1.0,-1.0,1.075,-0.746,11.84
COP,1736082053277,YLIFE_FEED,MARKET_DATA,-1.0,-1.0,102.17,2679302.0,-1.0,-1.0,1.182,-0.793,7.23
SHEL,1736082054939,YLIFE_FEED,MARKET_DATA,-1.0,-1.0,63.94,5178888.0,-1.0,-1.0,1.078,-0.772,10.1
BP,1736082059666,YLIFE_FEED,MARKET_DATA,-1.0,-1.0,29.86,6497768.0,-1.0,-1.0,0.807,0.583,99.43
SHEL,1736082066397,YLIFE_FEED,MARKET_DATA,-1.0,-1.0,63.67,5212124.0,-1.0,-1.0,1.142,-0.725,15.93
XOM,1736082068432,YLIFE_FEED,MARKET_DATA,-1.0,-1.0,109.07,12888442.0,-1.0,-1.0,0.989,0.834,59.48
XOM,1736082076584,YLIFE_FEED,MARKET_DATA,-1.0,-1.0,110.14,12892451.0,-1.0,-1.0,0.98,0.758,57.43
XOM,1736082078601,YLIFE_FEED,MARKET_DATA,-1.0,-1.0,109.18,12783845.0,-1.0,-1.0,0.997,0.802,51.68
BP,1736082080548,YLIFE_FEED,MARKET_DATA,-1.0,-1.0,29.76,6402778.0,-1.0,-1.0,0.832,0.692,98.17
XOM,1736082089118,YLIFE_FEED,MARKET_DATA,-1.0,-1.0,108.71,12409984.0,-1.0,-1.0,1.024,0.786,49.74
XOM,1736082091783,YLIFE_FEED,MARKET_DATA,-1.0,-1.0,108.37,12231265.0,-1.0,-1.0,1.006,0.682,46.86
SHEL,1736082091927,YLIFE_FEED,MARKET_DATA,-1.0,-1.0,64.31,5601452.0,-1.0,-1.0,1.138,-0.773,21.74
XOM,1736082096579,YLIFE_FEED,MARKET_DATA,-1.0,-1.0,109.21,12383151.0,-1.0,-1.0,0.983,0.802,38.22
COP,1736082101634,YLIFE_FEED,MARKET_DATA,-1.0,-1.0,101.85,2794427.0,-1.0,-1.0,1.213,-0.527,9.66
SHEL,1736082105555,YLIFE_FEED,MARKET_DATA,-1.0,-1.0,64.65,5955481.0,-1.0,-1.0,1.199,-0.531,17.66
COP,1736082107584,YLIFE_FEED,MARKET_DATA,-1.0,-1.0,102.34,2829424.0,-1.0,-1.0,1.191,-0.478,5.35
BP,1736082108494,YLIFE_FEED,MARKET_DATA,-1.0,-1.0,29.98,7548970.0,-1.0,-1.0,0.827,0.697,100.0
COP,1736082112033,YLIFE_FEED,MARKET_DATA,-1.0,-1.0,101.91,2623710.0,-1.0,-1.0,1.191,-0.489,7.02
XOM,1736082113713,YLIFE_FEED,MARKET_DATA,-1.0,-1.0,109.27,11131170.0,-1.0,-1.0,1.022,0.812,44.83
BP,1736082117407,YLIFE_FEED,MARKET_DATA,-1.0,-1.0,30.0,7081631.0,-1.0,-1.0,0.844,0.577,100.0
SHEL,1736082127389,YLIFE_FEED,MARKET_DATA,-1.0,-1.0,64.94,5968846.0,-1.0,-1.0,1.137,-0.332,25.13
COP,1736082131550,YLIFE_FEED,MARKET_DATA,-1.0,-1.0,102.14,2776445.0,-1.0,-1.0,1.178,-0.413,3.57
XOM,1736082134315,YLIFE_FEED,MARKET_DATA,-1.0,-1.0,109.41,11492989.0,-1.0,-1.0,0.993,0.831,49.66
COP,1736082135977,YLIFE_FEED,MARKET_DATA,-1.0,-1.0,102.23,2856497.0,-1.0,-1.0,1.188,-0.457,1.44
SHEL,1736082143978,YLIFE_FEED,MARKET_DATA,-1.0,-1.0,65.02,5941445.0,-1.0,-1.0,1.153,-0.672,26.74
XOM,1736082147099,YLIFE_FEED,MARKET_DATA,-1.0,-1.0,110.0,11153251.0,-1.0,-1.0,1.047,0.981,58.47
COP,1736082150041,YLIFE_FEED,MARKET_DATA,-1.0,-1.0,101.45,2781461.0,-1.0,-1.0,1.226,-0.467,8.48
COP,1736082158061,YLIFE_FEED,MARKET_DATA,-1.0,-1.0,100.59,3001695.0,-1.0,-1.0,1.236,-0.394,1.03
SHEL,1736082159571,YLIFE_FEED,MARKET_DATA,-1.0,-1.0,65.08,6264501.0,-1.0,-1.0,1.193,-0.768,23.72
XOM,1736082163335,YLIFE_FEED,MARKET_DATA,-1.0,-1.0,110.59,12141374.0,-1.0,-1.0,1.055,0.916,56.7
SHEL,1736082164625,YLIFE_FEED,MARKET_DATA,-1.0,-1.0,64.72,6344166.0,-1.0,-1.0,1.186,-0.778,24.34
SHEL,1736082165457,YLIFE_FEED,MARKET_DATA,-1.0,-1.0,64.85,6178539.0,-1.0,-1.0,1.184,-0.767,22.76
XOM,1736082172197,YLIFE_FEED,MARKET_DATA,-1.0,-1.0,110.46,12426194.0,-1.0,-1.0,1.043,0.974,55.51
COP,1736082174079,YLIFE_FEED,MARKET_DATA,-1.0,-1.0,100.45,2812533.0,-1.0,-1.0,1.25,-0.418,3.27
BP,1736082177352,YLIFE_FEED,MARKET_DATA,-1.0,-1.0,30.08,8067004.0,-1.0,-1.0,0.792,0.463,97.13
BP,1736082179191,YLIFE_FEED,MARKET_DATA,-1.0,-1.0,29.97,7778641.0,-1.0,-1.0,0.807,0.402,92.49
SHEL,1736082182586,YLIFE_FEED,MARKET_DATA,-1.0,-1.0,65.23,5425662.0,-1.0,-1.0,1.241,-0.912,14.67
XOM,1736082199805,YLIFE_FEED,MARKET_DATA,-1.0,-1.0,110.84,10833593.0,-1.0,-1.0,1.022,1.0,61.18
BP,1736082202004,YLIFE_FEED,MARKET_DATA,-1.0,-1.0,30.04,7382951.0,-1.0,-1.0,0.832,0.421,95.12
XOM,1736082205223,YLIFE_FEED,MARKET_DATA,-1.0,-1.0,111.0,10108182.0,-1.0,-1.0,0.999,0.912,59.28
XOM,1736082205844,YLIFE_FEED,MARKET_DATA,-1.0,-1.0,111.25,10426455.0,-1.0,-1.0,0.98,0.892,56.77
COP,1736082213480,YLIFE_FEED,MARKET_DATA,-1.0,-1.0,100.33,2420447.0,-1.0,-1.0,1.253,-0.419,5.48
BP,1736082217834,YLIFE_FEED,MARKET_DATA,-1.0,-1.0,30.05,7436713.0,-1.0,-1.0,0.79,0.477,94.58
XOM,1736082219530,YLIFE_FEED,MARKET_DATA,-1.0,-1.0,111.48,10315266.0,-1.0,-1.0,1.029,0.951,56.69
SHEL,1736082224454,YLIFE_FEED,MARKET_DATA,-1.0,-1.0,65.89,5376433.0,-1.0,-1.0,1.262,-0.98,9.76
SHEL,1736082226215,YLIFE_FEED,MARKET_DATA,-1.0,-1.0,65.86,5343908.0,-1.0,-1.0,1.279,-0.936,7.13
XOM,1736082238343,YLIFE_FEED,MARKET_DATA,-1.0,-1.0,111.59,10712853.0,-1.0,-1.0,0.999,0.945,59.35
XOM,1736082239249,YLIFE_FEED,MARKET_DATA,-1.0,-1.0,111.49,10366502.0,-1.0,-1.0,1.014,0.928,54.91
BP,1736082242294,YLIFE_FEED,MARKET_DATA,-1.0,-1.0,30.0,6691177.0,-1.0,-1.0,0.789,0.439,90.18
COP,1736082243758,YLIFE_FEED,MARKET_DATA,-1.0,-1.0,99.82,2028201.0,-1.0,-1.0,1.293,-0.295,1.63
XOM,1736082248364,YLIFE_FEED,MARKET_DATA,-1.0,-1.0,110.62,10516494.0,-1.0,-1.0,1.008,0.997,51.19
SHEL,1736082252316,YLIFE_FEED,MARKET_DATA,-1.0,-1.0,66.16,5186779.0,-1.0,-1.0,1.306,-1.0,3.97
XOM,1736082254371,YLIFE_FEED,MARKET_DATA,-1.0,-1.0,110.69,11002222.0,-1.0,-1.0,1.02,0.889,56.56
SHEL,1736082260760,YLIFE_FEED,MARKET_DATA,-1.0,-1.0,66.44,5323655.0,-1.0,-1.0,1.332,-0.961,4.74
XOM,1736082261939,YLIFE_FEED,MARKET_DATA,-1.0,-1.0,110.77,10996677.0,-1.0,-1.0,1.047,0.856,65.97
COP,1736082265200,YLIFE_FEED,MARKET_DATA,-1.0,-1.0,99.38,2024792.0,-1.0,-1.0,1.308,-0.2,10.84
SHEL,1736082267423,YLIFE_FEED,MARKET_DATA,-1.0,-1.0,66.4,5243082.0,-1.0,-1.0,1.331,-0.857,6.96
XOM,1736082271947,YLIFE_FEED,MARKET_DATA,-1.0,-1.0,110.28,11074198.0,-1.0,-1.0,1.027,0.847,61.62
SHEL,1736082274719,YLIFE_FEED,MARKET_DATA,-1.0,-1.0,66.5,5158546.0,-1.0,-1.0,1.333,-0.979,7.58
COP,1736082277039,YLIFE_FEED,MARKET_DATA,-1.0,-1.0,100.9,2396687.0,-1.0,-1.0,1.263,-0.246,26.42
BP,1736082277569,YLIFE_FEED,MARKET_DATA,-1.0,-1.0,30.34,6680767.0,-1.0,-1.0,0.815,0.45,87.47
COP,1736082278123,YLIFE_FEED,MARKET_DATA,-1.0,-1.0,100.7,2465425.0,-1.0,-1.0,1.244,-0.224,26.66
SHEL,1736082278730,YLIFE_FEED,MARKET_DATA,-1.0,-1.0,66.77,5376324.0,-1.0,-1.0,1.315,-1.0,9.24
COP,1736082282025,YLIFE_FEED,MARKET_DATA,-1.0,-1.0,100.2,2430294.0,-1.0,-1.0,1.235,-0.16,29.29
BP,1736082284908,YLIFE_FEED,MARKET_DATA,-1.0,-1.0,30.1,7018563.0,-1.0,-1.0,0.812,0.456,81.28
SHEL,1736082285764,YLIFE_FEED,MARKET_DATA,-1.0,-1.0,66.82,5168511.0,-1.0,-1.0,1.302,-1.0,16.06
COP,1736082286229,YLIFE_FEED,MARKET_DATA,-1.0,-1.0,100.02,2420209.0,-1.0,-1.0,1.214,-0.194,29.72
XOM,1736082288120,YLIFE_FEED,MARKET_DATA,-1.0,-1.0,110.83,12055141.0,-1.0,-1.0,1.011,0.687,53.96
BP,1736082291606,YLIFE_FEED,MARKET_DATA,-1.0,-1.0,30.26,6855026.0,-1.0,-1.0,0.809,0.557,85.92
BP,1736082295569,YLIFE_FEED,MARKET_DATA,-1.0,-1.0,30.27,7122417.0,-1.0,-1.0,0.787,0.559,84.33
XOM,1736082298760,YLIFE_FEED,MARKET_DATA,-1.0,-1.0,111.45,11195977.0,-1.0,-1.0,0.984,0.718,49.66
SHEL,1736082303167,YLIFE_FEED,MARKET_DATA,-1.0,-1.0,66.61,5620964.0,-1.0,-1.0,1.299,-1.0,10.03
XOM,1736082307228,YLIFE_FEED,MARKET_DATA,-1.0,-1.0,111.38,9573441.0,-1.0,-1.0,0.992,0.61,46.53
XOM,1736082308847,YLIFE_FEED,MARKET_DATA,-1.0,-1.0,110.89,9266664.0,-1.0,-1.0,0.975,0.58,44.83
XOM,1736082315192,YLIFE_FEED,MARKET_DATA,-1.0,-1.0,110.79,9685218.0,-1.0,-1.0,0.975,0.415,48.34
COP,1736082320171,YLIFE_FEED,MARKET_DATA,-1.0,-1.0,99.71,2405108.0,-1.0,-1.0,1.252,-0.227,30.28
SHEL,1736082323023,YLIFE_FEED,MARKET_DATA,-1.0,-1.0,67.03,5549043.0,-1.0,-1.0,1.339,-1.0,4.24
COP,1736082324164,YLIFE_FEED,MARKET_DATA,-1.0,-1.0,100.08,2490068.0,-1.0,-1.0,1.205,-0.302,33.79
BP,1736082330914,YLIFE_FEED,MARKET_DATA,-1.0,-1.0,30.24,6993791.0,-1.0,-1.0,0.786,0.328,79.32
XOM,1736082333699,YLIFE_FEED,MARKET_DATA,-1.0,-1.0,110.59,10018700.0,-1.0,-1.0,0.973,0.4,41.16
BP,1736082336664,YLIFE_FEED,MARKET_DATA,-1.0,-1.0,30.29,7185415.0,-1.0,-1.0,0.78,0.331,88.0
SHEL,1736082337457,YLIFE_FEED,MARKET_DATA,-1.0,-1.0,66.67,6129625.0,-1.0,-1.0,1.314,-0.957,1.1
BP,1736082339318,YLIFE_FEED,MARKET_DATA,-1.0,-1.0,30.44,7287948.0,-1.0,-1.0,0.767,0.387,85.26
SHEL,1736082341158,YLIFE_FEED,MARKET_DATA,-1.0,-1.0,67.07,6438705.0,-1.0,-1.0,1.326,-0.795,3.8
SHEL,1736082342289,YLIFE_FEED,MARKET_DATA,-1.0,-1.0,67.08,6406520.0,-1.0,-1.0,1.334,-0.743,7.61
COP,1736082344263,YLIFE_FEED,MARKET_DATA,-1.0,-1.0,100.0,2443178.0,-1.0,-1.0,1.237,-0.187,36.13
BP,1736082349618,YLIFE_FEED,MARKET_DATA,-1.0,-1.0,30.52,7944785.0,-1.0,-1.0,0.763,0.373,79.87
BP,1736082351583,YLIFE_FEED,MARKET_DATA,-1.0,-1.0,30.63,7911669.0,-1.0,-1.0,0.751,0.327,78.11
SHEL,1736082351738,YLIFE_FEED,MARKET_DATA,-1.0,-1.0,67.08,6414943.0,-1.0,-1.0,1.34,-0.692,0.0
BP,1736082353081,YLIFE_FEED,MARKET_DATA,-1.0,-1.0,30.52,7685366.0,-1.0,-1.0,0.742,0.41,82.47
SHEL,1736082358452,YLIFE_FEED,MARKET_DATA,-1.0,-1.0,67.07,6989855.0,-1.0,-1.0,1.346,-0.865,0.78
BP,1736082363527,YLIFE_FEED,MARKET_DATA,-1.0,-1.0,30.32,7741945.0,-1.0,-1.0,0.754,0.493,73.92
COP,1736082363987,YLIFE_FEED,MARKET_DATA,-1.0,-1.0,99.43,2322427.0,-1.0,-1.0,1.26,-0.417,42.54
COP,1736082366107,YLIFE_FEED,MARKET_DATA,-1.0,-1.0,99.77,2382646.0,-1.0,-1.0,1.283,-0.486,42.59
BP,1736082370082,YLIFE_FEED,MARKET_DATA,-1.0,-1.0,30.38,7955089.0,-1.0,-1.0,0.769,0.548,69.97
BP,1736082373521,YLIFE_FEED,MARKET_DATA,-1.0,-1.0,30.33,7709740.0,-1.0,-1.0,0.76,0.579,65.74
COP,1736082373860,YLIFE_FEED,MARKET_DATA,-1.0,-1.0,98.72,2484568.0,-1.0,-1.0,1.284,-0.423,46.25
XOM,1736082378251,YLIFE_FEED,MARKET_DATA,-1.0,-1.0,110.64,10790549.0,-1.0,-1.0,1.067,0.047,46.51
SHEL,1736082382565,YLIFE_FEED,MARKET_DATA,-1.0,-1.0,66.94,7250685.0,-1.0,-1.0,1.304,-1.0,0.0
COP,1736082385387,YLIFE_FEED,MARKET_DATA,-1.0,-1.0,97.86,2593796.0,-1.0,-1.0,1.285,-0.281,42.7
BP,1736082387758,YLIFE_FEED,MARKET_DATA,-1.0,-1.0,30.4,8063096.0,-1.0,-1.0,0.751,0.633,70.6
COP,1736082389420,YLIFE_FEED,MARKET_DATA,-1.0,-1.0,97.74,2681297.0,-1.0,-1.0,1.265,-0.309,41.13
COP,1736082391226,YLIFE_FEED,MARKET_DATA,-1.0,-1.0,97.27,2771387.0,-1.0,-1.0,1.245,-0.265,40.13
BP,1736082393018,YLIFE_FEED,MARKET_DATA,-1.0,-1.0,30.32,8082641.0,-1.0,-1.0,0.739,0.595,71.85
COP,1736082394411,YLIFE_FEED,MARKET_DATA,-1.0,-1.0,97.48,2673981.0,-1.0,-1.0,1.236,-0.2,41.32
SHEL,1736082395474,YLIFE_FEED,MARKET_DATA,-1.0,-1.0,67.23,7583896.0,-1.0,-1.0,1.285,-0.902,0.0
XOM,1736082396692,YLIFE_FEED,MARKET_DATA,-1.0,-1.0,110.6,10897289.0,-1.0,-1.0,1.098,0.129,54.74
BP,1736082400492,YLIFE_FEED,MARKET_DATA,-1.0,-1.0,30.24,7845292.0,-1.0,-1.0,0.735,0.645,75.76
SHEL,1736082402442,YLIFE_FEED,MARKET_DATA,-1.0,-1.0,67.39,7537614.0,-1.0,-1.0,1.287,-0.916,0.0
BP,1736082412436,YLIFE_FEED,MARKET_DATA,-1.0,-1.0,30.14,7710511.0,-1.0,-1.0,0.723,0.563,78.09
SHEL,1736082414820,YLIFE_FEED,MARKET_DATA,-1.0,-1.0,67.64,7521776.0,-1.0,-1.0,1.27,-0.702,12.21
BP,1736082415454,YLIFE_FEED,MARKET_DATA,-1.0,-1.0,30.03,7331778.0,-1.0,-1.0,0.73,0.623,78.98
COP,1736082416483,YLIFE_FEED,MARKET_DATA,-1.0,-1.0,98.35,2707472.0,-1.0,-1.0,1.307,-0.641,43.75
COP,1736082418152,YLIFE_FEED,MARKET_DATA,-1.0,-1.0,98.7,2821991.0,-1.0,-1.0,1.331,-0.543,41.16
SHEL,1736082419438,YLIFE_FEED,MARKET_DATA,-1.0,-1.0,67.93,7354047.0,-1.0,-1.0,1.277,-0.621,15.64
XOM,1736082420043,YLIFE_FEED,MARKET_DATA,-1.0,-1.0,110.72,10499655.0,-1.0,-1.0,1.116,0.195,62.43
SHEL,1736082424097,YLIFE_FEED,MARKET_DATA,-1.0,-1.0,68.14,7288484.0,-1.0,-1.0,1.28,-0.547,13.25
BP,1736082425867,YLIFE_FEED,MARKET_DATA,-1.0,-1.0,29.93,7284742.0,-1.0,-1.0,0.744,0.61,74.64
SHEL,1736082427409,YLIFE_FEED,MARKET_DATA,-1.0,-1.0,68.22,7605869.0,-1.0,-1.0,1.265,-0.611,11.25
SHEL,1736082429312,YLIFE_FEED,MARKET_DATA,-1.0,-1.0,68.02,7296384.0,-1.0,-1.0,1.282,-0.629,8.87
XOM,1736082430140,YLIFE_FEED,MARKET_DATA,-1.0,-1.0,111.56,10140711.0,-1.0,-1.0,1.119,0.094,67.81
XOM,1736082432385,YLIFE_FEED,MARKET_DATA,-1.0,-1.0,112.04,9910787.0,-1.0,-1.0,1.104,0.105,72.57
BP,1736082437712,YLIFE_FEED,MARKET_DATA,-1.0,-1.0,30.0,7620528.0,-1.0,-1.0,0.764,0.715,74.31
BP,1736082437880,YLIFE_FEED,MARKET_DATA,-1.0,-1.0,29.98,7625895.0,-1.0,-1.0,0.778,0.774,72.87
XOM,1736082438945,YLIFE_FEED,MARKET_DATA,-1.0,-1.0,112.77,9789670.0,-1.0,-1.0,1.083,0.065,76.73
SHEL,1736082441016,YLIFE_FEED,MARKET_DATA,-1.0,-1.0,68.06,7049959.0,-1.0,-1.0,1.257,-0.569,4.5
COP,1736082443236,YLIFE_FEED,MARKET_DATA,-1.0,-1.0,98.15,2883597.0,-1.0,-1.0,1.308,-0.611,36.61
XOM,1736082447718,YLIFE_FEED,MARKET_DATA,-1.0,-1.0,113.18,9929206.0,-1.0,-1.0,1.101,-0.015,74.79
COP,1736082450596,YLIFE_FEED,MARKET_DATA,-1.0,-1.0,98.15,2746721.0,-1.0,-1.0,1.292,-0.557,30.98
SHEL,1736082451049,YLIFE_FEED,MARKET_DATA,-1.0,-1.0,68.38,6760008.0,-1.0,-1.0,1.246,-0.675,4.11
BP,1736082452702,YLIFE_FEED,MARKET_DATA,-1.0,-1.0,30.08,7322271.0,-1.0,-1.0,0.772,0.817,71.37
XOM,1736082455136,YLIFE_FEED,MARKET_DATA,-1.0,-1.0,113.12,10405390.0,-1.0,-1.0,1.119,-0.074,75.89
COP,1736082464203,YLIFE_FEED,MARKET_DATA,-1.0,-1.0,99.06,2846129.0,-1.0,-1.0,1.236,-0.641,31.5
XOM,1736082464767,YLIFE_FEED,MARKET_DATA,-1.0,-1.0,113.93,10320147.0,-1.0,-1.0,1.149,0.134,72.15
COP,1736082465570,YLIFE_FEED,MARKET_DATA,-1.0,-1.0,99.32,2825993.0,-1.0,-1.0,1.256,-0.547,31.97
SHEL,1736082468552,YLIFE_FEED,MARKET_DATA,-1.0,-1.0,67.95,6443894.0,-1.0,-1.0,1.251,-0.607,0.0
BP,1736082470739,YLIFE_FEED,MARKET_DATA,-1.0,-1.0,30.13,7361816.0,-1.0,-1.0,0.764,0.831,67.83
COP,1736082473048,YLIFE_FEED,MARKET_DATA,-1.0,-1.0,99.99,2797030.0,-1.0,-1.0,1.261,-0.48,31.94
XOM,1736082473647,YLIFE_FEED,MARKET_DATA,-1.0,-1.0,114.39,9882787.0,-1.0,-1.0,1.154,0.035,72.19
XOM,1736082477873,YLIFE_FEED,MARKET_DATA,-1.0,-1.0,114.71,10149098.0,-1.0,-1.0,1.135,-0.061,69.9
BP,1736082480825,YLIFE_FEED,MARKET_DATA,-1.0,-1.0,30.02,7726917.0,-1.0,-1.0,0.773,0.807,66.94
XOM,1736082482733,YLIFE_FEED,MARKET_DATA,-1.0,-1.0,114.72,10129553.0,-1.0,-1.0,1.136,0.017,73.26
COP,1736082484482,YLIFE_FEED,MARKET_DATA,-1.0,-1.0,99.95,2772106.0,-1.0,-1.0,1.235,-0.337,20.64
SHEL,1736082487047,YLIFE_FEED,MARKET_DATA,-1.0,-1.0,67.79,6300202.0,-1.0,-1.0,1.2,-0.703,0.0
SHEL,1736082493060,YLIFE_FEED,MARKET_DATA,-1.0,-1.0,67.71,6319756.0,-1.0,-1.0,1.232,-0.617,0.0
XOM,1736082494393,YLIFE_FEED,MARKET_DATA,-1.0,-1.0,114.25,10738746.0,-1.0,-1.0,1.152,0.033,82.66
SHEL,1736082500522,YLIFE_FEED,MARKET_DATA,-1.0,-1.0,68.06,5698099.0,-1.0,-1.0,1.269,-0.616,1.4
SHEL,1736082502832,YLIFE_FEED,MARKET_DATA,-1.0,-1.0,67.76,5934567.0,-1.0,-1.0,1.273,-0.601,6.14
SHEL,1736082504311,YLIFE_FEED,MARKET_DATA,-1.0,-1.0,68.04,5726767.0,-1.0,-1.0,1.269,-0.566,5.39
SHEL,1736082504849,YLIFE_FEED,MARKET_DATA,-1.0,-1.0,67.97,5881125.0,-1.0,-1.0,1.282,-0.598,8.66
COP,1736082506324,YLIFE_FEED,MARKET_DATA,-1.0,-1.0,100.31,2678315.0,-1.0,-1.0,1.231,-0.109,19.08
XOM,1736082508899,YLIFE_FEED,MARKET_DATA,-1.0,-1.0,114.61,10707424.0,-1.0,-1.0,1.167,-0.043,86.9
COP,1736082512702,YLIFE_FEED,MARKET_DATA,-1.0,-1.0,100.14,2785346.0,-1.0,-1.0,1.23,-0.047,21.75
SHEL,1736082516314,YLIFE_FEED,MARKET_DATA,-1.0,-1.0,68.23,5628943.0,-1.0,-1.0,1.3,-0.368,12.2
BP,1736082517803,YLIFE_FEED,MARKET_DATA,-1.0,-1.0,29.96,8045940.0,-1.0,-1.0,0.772,0.891,61.63
COP,1736082519778,YLIFE_FEED,MARKET_DATA,-1.0,-1.0,100.08,2857052.0,-1.0,-1.0,1.243,0.023,22.16
SHEL,1736082527459,YLIFE_FEED,MARKET_DATA,-1.0,-1.0,68.57,5924560.0,-1.0,-1.0,1.259,-0.301,10.13
SHEL,1736082529098,YLIFE_FEED,MARKET_DATA,-1.0,-1.0,68.37,5874081.0,-1.0,-1.0,1.28,-0.232,8.77
SHEL,1736082530931,YLIFE_FEED,MARKET_DATA,-1.0,-1.0,68.19,5858043.0,-1.0,-1.0,1.277,-0.293,13.74
COP,1736082539385,YLIFE_FEED,MARKET_DATA,-1.0,-1.0,99.38,3243202.0,-1.0,-1.0,1.251,0.043,6.88
XOM,1736082541346,YLIFE_FEED,MARKET_DATA,-1.0,-1.0,115.03,10334317.0,-1.0,-1.0,1.194,-0.065,84.04
SHEL,1736082541508,YLIFE_FEED,MARKET_DATA,-1.0,-1.0,67.87,5752597.0,-1.0,-1.0,1.287,-0.266,12.79
XOM,1736082544093,YLIFE_FEED,MARKET_DATA,-1.0,-1.0,115.63,10806010.0,-1.0,-1.0,1.183,0.063,79.76
XOM,1736082548368,YLIFE_FEED,MARKET_DATA,-1.0,-1.0,114.9,10268566.0,-1.0,-1.0,1.225,0.031,88.25
BP,1736082549743,YLIFE_FEED,MARKET_DATA,-1.0,-1.0,29.7,6891761.0,-1.0,-1.0,0.743,0.81,60.4
COP,1736082549881,YLIFE_FEED,MARKET_DATA,-1.0,-1.0,99.39,3169060.0,-1.0,-1.0,1.253,0.097,5.83
SHEL,1736082551851,YLIFE_FEED,MARKET_DATA,-1.0,-1.0,67.21,5817111.0,-1.0,-1.0,1.286,-0.325,29.49
COP,1736082552709,YLIFE_FEED,MARKET_DATA,-1.0,-1.0,99.94,3220582.0,-1.0,-1.0,1.263,0.001,2.28
XOM,1736082555314,YLIFE_FEED,MARKET_DATA,-1.0,-1.0,114.73,10611905.0,-1.0,-1.0,1.224,-0.021,86.22
COP,1736082561276,YLIFE_FEED,MARKET_DATA,-1.0,-1.0,100.23,3084146.0,-1.0,-1.0,1.276,-0.119,0.0
SHEL,1736082562040,YLIFE_FEED,MARKET_DATA,-1.0,-1.0,67.22,5830103.0,-1.0,-1.0,1.299,-0.463,33.08
COP,1736082565323,YLIFE_FEED,MARKET_DATA,-1.0,-1.0,100.61,3200315.0,-1.0,-1.0,1.261,-0.186,0.0
XOM,1736082568649,YLIFE_FEED,MARKET_DATA,-1.0,-1.0,113.53,10811971.0,-1.0,-1.0,1.235,-0.131,89.85
SHEL,1736082569478,YLIFE_FEED,MARKET_DATA,-1.0,-1.0,67.19,5658329.0,-1.0,-1.0,1.305,-0.474,44.41
COP,1736082574555,YLIFE_FEED,MARKET_DATA,-1.0,-1.0,100.8,3211293.0,-1.0,-1.0,1.272,-0.117,0.0
COP,1736082580486,YLIFE_FEED,MARKET_DATA,-1.0,-1.0,100.29,3318485.0,-1.0,-1.0,1.268,-0.18,0.0
COP,1736082581370,YLIFE_FEED,MARKET_DATA,-1.0,-1.0,99.98,3452133.0,-1.0,-1.0,1.293,-0.172,4.53
XOM,1736082582322,YLIFE_FEED,MARKET_DATA,-1.0,-1.0,113.44,11120653.0,-1.0,-1.0,1.259,-0.112,86.5
COP,1736082589816,YLIFE_FEED,MARKET_DATA,-1.0,-1.0,100.31,3018494.0,-1.0,-1.0,1.277,-0.354,4.89
XOM,1736082590148,YLIFE_FEED,MARKET_DATA,-1.0,-1.0,112.46,12372187.0,-1.0,-1.0,1.303,-0.223,84.77
XOM,1736082590693,YLIFE_FEED,MARKET_DATA,-1.0,-1.0,112.45,12210884.0,-1.0,-1.0,1.311,-0.245,82.85
BP,1736082593328,YLIFE_FEED,MARKET_DATA,-1.0,-1.0,29.9,6977854.0,-1.0,-1.0,0.766,0.65,49.9
BP,1736082594407,YLIFE_FEED,MARKET_DATA,-1.0,-1.0,30.04,6487726.0,-1.0,-1.0,0.767,0.617,47.82
BP,1736082596334,YLIFE_FEED,MARKET_DATA,-1.0,-1.0,29.92,6163680.0,-1.0,-1.0,0.779,0.712,50.37
XOM,1736082604036,YLIFE_FEED,MARKET_DATA,-1.0,-1.0,112.98,12391765.0,-1.0,-1.0,1.302,-0.28,84.17
BP,1736082612421,YLIFE_FEED,MARKET_DATA,-1.0,-1.0,30.53,6322876.0,-1.0,-1.0,0.224,-0.331,39.07
COP,1736082614833,YLIFE_FEED,MARKET_DATA,-1.0,-1.0,101.31,3210872.0,-1.0,-1.0,0.778,-0.79,78.56
XOM,1736082617003,YLIFE_FEED,MARKET_DATA,-1.0,-1.0,107.07,13289123.0,-1.0,-1.0,1.073,-0.305,93.76
BP,1736082617990,YLIFE_FEED,MARKET_DATA,-1.0,-1.0,30.32,6762136.0,-1.0,-1.0,0.223,-0.492,36.87
COP,1736082620000,YLIFE_FEED,MARKET_DATA,-1.0,-1.0,101.31,3125166.0,-1.0,-1.0,0.795,-0.834,76.37
COP,1736082620887,YLIFE_FEED,MARKET_DATA,-1.0,-1.0,100.58,3105674.0,-1.0,-1.0,0.805,-0.726,70.93
BP,1736082621191,YLIFE_FEED,MARKET_DATA,-1.0,-1.0,30.4,6691795.0,-1.0,-1.0,0.223,-0.448,37.45
BP,1736082623393,YLIFE_FEED,MARKET_DATA,-1.0,-1.0,30.31,6736874.0,-1.0,-1.0,0.22,-0.547,39.08
SHEL,1736082625169,YLIFE_FEED,MARKET_DATA,-1.0,-1.0,64.52,5419155.0,-1.0,-1.0,0.61,-0.172,9.29
BP,1736082632240,YLIFE_FEED,MARKET_DATA,-1.0,-1.0,30.27,6458481.0,-1.0,-1.0,0.217,-0.577,36.37
COP,1736082635498,YLIFE_FEED,MARKET_DATA,-1.0,-1.0,100.02,3093318.0,-1.0,-1.0,0.785,-0.665,75.04
XOM,1736082638501,YLIFE_FEED,MARKET_DATA,-1.0,-1.0,106.75,13330324.0,-1.0,-1.0,1.064,-0.255,96.61
SHEL,1736082638638,YLIFE_FEED,MARKET_DATA,-1.0,-1.0,64.49,5635969.0,-1.0,-1.0,0.611,-0.131,8.51
XOM,1736082641450,YLIFE_FEED,MARKET_DATA,-1.0,-1.0,106.43,12970176.0,-1.0,-1.0,1.064,-0.18,100.0
BP,1736082643864,YLIFE_FEED,MARKET_DATA,-1.0,-1.0,30.56,5927285.0,-1.0,-1.0,0.213,-0.328,25.25
XOM,1736082652952,YLIFE_FEED,MARKET_DATA,-1.0,-1.0,106.27,12582593.0,-1.0,-1.0,1.07,-0.047,100.0
COP,1736082654289,YLIFE_FEED,MARKET_DATA,-1.0,-1.0,100.09,3233281.0,-1.0,-1.0,0.77,-0.651,76.1
BP,1736082656972,YLIFE_FEED,MARKET_DATA,-1.0,-1.0,30.71,6365126.0,-1.0,-1.0,0.206,-0.359,29.55
COP,1736082659758,YLIFE_FEED,MARKET_DATA,-1.0,-1.0,100.64,3139343.0,-1.0,-1.0,0.761,-0.588,76.27
BP,1736082668304,YLIFE_FEED,MARKET_DATA,-1.0,-1.0,30.57,6295638.0,-1.0,-1.0,0.206,-0.363,36.6
XOM,1736082670766,YLIFE_FEED,MARKET_DATA,-1.0,-1.0,106.6,13615643.0,-1.0,-1.0,1.029,-0.198,91.54
XOM,1736082671982,YLIFE_FEED,MARKET_DATA,-1.0,-1.0,106.77,14001108.0,-1.0,-1.0,1.025,-0.172,90.47
COP,1736082672501,YLIFE_FEED,MARKET_DATA,-1.0,-1.0,100.5,3262447.0,-1.0,-1.0,0.745,-0.535,71.66
BP,1736082674131,YLIFE_FEED,MARKET_DATA,-1.0,-1.0,30.48,6148340.0,-1.0,-1.0,0.206,-0.265,36.06
COP,1736082680297,YLIFE_FEED,MARKET_DATA,-1.0,-1.0,99.54,3273175.0,-1.0,-1.0,0.742,-0.587,73.49
XOM,1736082682226,YLIFE_FEED,MARKET_DATA,-1.0,-1.0,107.13,14739600.0,-1.0,-1.0,1.004,-0.257,96.28
SHEL,1736082686442,YLIFE_FEED,MARKET_DATA,-1.0,-1.0,63.75,5067920.0,-1.0,-1.0,0.607,-0.135,1.36
SHEL,1736082688636,YLIFE_FEED,MARKET_DATA,-1.0,-1.0,63.77,5205277.0,-1.0,-1.0,0.597,-0.139,0.0
XOM,1736082689963,YLIFE_FEED,MARKET_DATA,-1.0,-1.0,107.22,13926757.0,-1.0,-1.0,1.009,-0.393,99.75
SHEL,1736082691885,YLIFE_FEED,MARKET_DATA,-1.0,-1.0,64.03,5341714.0,-1.0,-1.0,0.608,-0.161,0.0
SHEL,1736082694604,YLIFE_FEED,MARKET_DATA,-1.0,-1.0,64.13,5171089.0,-1.0,-1.0,0.624,-0.179,1.32
SHEL,1736082704271,YLIFE_FEED,MARKET_DATA,-1.0,-1.0,64.35,5027452.0,-1.0,-1.0,0.617,-0.312,0.0
BP,1736082705572,YLIFE_FEED,MARKET_DATA,-1.0,-1.0,30.44,6596410.0,-1.0,-1.0,0.213,-0.396,27.07
SHEL,1736082709362,YLIFE_FEED,MARKET_DATA,-1.0,-1.0,64.37,4700882.0,-1.0,-1.0,0.633,-0.2,3.3
COP,1736082721150,YLIFE_FEED,MARKET_DATA,-1.0,-1.0,98.73,3138937.0,-1.0,-1.0,0.703,-0.689,63.37
XOM,1736082721719,YLIFE_FEED,MARKET_DATA,-1.0,-1.0,106.47,13773970.0,-1.0,-1.0,0.979,-0.188,98.45
COP,1736082722650,YLIFE_FEED,MARKET_DATA,-1.0,-1.0,98.92,3078754.0,-1.0,-1.0,0.71,-0.629,61.91
COP,1736082727258,YLIFE_FEED,MARKET_DATA,-1.0,-1.0,98.88,3045431.0,-1.0,-1.0,0.721,-0.581,64.99
SHEL,1736082731026,YLIFE_FEED,MARKET_DATA,-1.0,-1.0,63.59,4579147.0,-1.0,-1.0,0.628,-0.093,3.45
BP,1736082732004,YLIFE_FEED,MARKET_DATA,-1.0,-1.0,30.22,6037218.0,-1.0,-1.0,0.219,-0.209,26.52
XOM,1736082736344,YLIFE_FEED,MARKET_DATA,-1.0,-1.0,106.93,12711861.0,-1.0,-1.0,0.99,-0.046,100.0
BP,1736082738511,YLIFE_FEED,MARKET_DATA,-1.0,-1.0,30.08,6336128.0,-1.0,-1.0,0.223,-0.134,28.72
XOM,1736082738922,YLIFE_FEED,MARKET_DATA,-1.0,-1.0,106.8,12781648.0,-1.0,-1.0,1.002,-0.092,100.0
BP,1736082741407,YLIFE_FEED,MARKET_DATA,-1.0,-1.0,30.02,6606330.0,-1.0,-1.0,0.227,-0.046,32.32
XOM,1736082743923,YLIFE_FEED,MARKET_DATA,-1.0,-1.0,107.19,13030108.0,-1.0,-1.0,1.007,-0.068,95.5
COP,1736082744811,YLIFE_FEED,MARKET_DATA,-1.0,-1.0,98.33,3192541.0,-1.0,-1.0,0.718,-0.622,68.29
BP,1736082747523,YLIFE_FEED,MARKET_DATA,-1.0,-1.0,29.96,6151886.0,-1.0,-1.0,0.225,-0.008,39.28
COP,1736082751755,YLIFE_FEED,MARKET_DATA,-1.0,-1.0,98.41,3294065.0,-1.0,-1.0,0.725,-0.693,66.8
COP,1736082753048,YLIFE_FEED,MARKET_DATA,-1.0,-1.0,98.52,3283811.0,-1.0,-1.0,0.73,-0.757,70.25
BP,1736082754371,YLIFE_FEED,MARKET_DATA,-1.0,-1.0,30.04,6177700.0,-1.0,-1.0,0.227,-0.092,52.28
XOM,1736082756870,YLIFE_FEED,MARKET_DATA,-1.0,-1.0,106.37,12720511.0,-1.0,-1.0,1.01,-0.08,88.89
COP,1736082763754,YLIFE_FEED,MARKET_DATA,-1.0,-1.0,98.65,2965540.0,-1.0,-1.0,0.732,-0.71,77.68
SHEL,1736082765259,YLIFE_FEED,MARKET_DATA,-1.0,-1.0,63.91,5023433.0,-1.0,-1.0,0.612,-0.164,0.0
SHEL,1736082770078,YLIFE_FEED,MARKET_DATA,-1.0,-1.0,63.94,5188798.0,-1.0,-1.0,0.619,-0.186,0.0
XOM,1736082777533,YLIFE_FEED,MARKET_DATA,-1.0,-1.0,106.69,12748780.0,-1.0,-1.0,1.021,-0.119,94.13
BP,1736082787895,YLIFE_FEED,MARKET_DATA,-1.0,-1.0,29.75,5873976.0,-1.0,-1.0,0.229,-0.147,54.71
COP,1736082790720,YLIFE_FEED,MARKET_DATA,-1.0,-1.0,99.21,2589421.0,-1.0,-1.0,0.689,-0.845,83.04
BP,1736082792811,YLIFE_FEED,MARKET_DATA,-1.0,-1.0,29.82,5793862.0,-1.0,-1.0,0.227,-0.009,46.41
BP,1736082794274,YLIFE_FEED,MARKET_DATA,-1.0,-1.0,29.96,5988322.0,-1.0,-1.0,0.223,-0.1,50.54
SHEL,1736082798583,YLIFE_FEED,MARKET_DATA,-1.0,-1.0,64.23,5534806.0,-1.0,-1.0,0.619,-0.059,4.65
XOM,1736082799577,YLIFE_FEED,MARKET_DATA,-1.0,-1.0,107.62,13566815.0,-1.0,-1.0,1.013,-0.11,96.61
COP,1736082800726,YLIFE_FEED,MARKET_DATA,-1.0,-1.0,99.53,2509466.0,-1.0,-1.0,0.68,-0.855,79.41
BP,1736082802339,YLIFE_FEED,MARKET_DATA,-1.0,-1.0,30.28,5973538.0,-1.0,-1.0,0.226,-0.089,57.79
XOM,1736082803547,YLIFE_FEED,MARKET_DATA,-1.0,-1.0,107.98,14135125.0,-1.0,-1.0,1.013,-0.116,94.1
SHEL,1736082809798,YLIFE_FEED,MARKET_DATA,-1.0,-1.0,64.27,5735624.0,-1.0,-1.0,0.607,0.002,2.06
BP,1736082814829,YLIFE_FEED,MARKET_DATA,-1.0,-1.0,30.3,5695340.0,-1.0,-1.0,0.232,0.006,55.63
BP,1736082815071,YLIFE_FEED,MARKET_DATA,-1.0,-1.0,30.31,5707175.0,-1.0,-1.0,0.233,-0.016,50.69
BP,1736082818732,YLIFE_FEED,MARKET_DATA,-1.0,-1.0,30.23,5954265.0,-1.0,-1.0,0.234,0.079,52.53
SHEL,1736082821067,YLIFE_FEED,MARKET_DATA,-1.0,-1.0,63.89,5533992.0,-1.0,-1.0,0.61,0.024,7.03
SHEL,1736082823688,YLIFE_FEED,MARKET_DATA,-1.0,-1.0,64.12,5569286.0,-1.0,-1.0,0.615,0.068,9.91
SHEL,1736082824239,YLIFE_FEED,MARKET_DATA,-1.0,-1.0,63.97,5337262.0,-1.0,-1.0,0.623,0.059,5.72
SHEL,1736082827405,YLIFE_FEED,MARKET_DATA,-1.0,-1.0,64.25,5397760.0,-1.0,-1.0,0.613,0.044,9.89
SHEL,1736082827985,YLIFE_FEED,MARKET_DATA,-1.0,-1.0,64.39,5603979.0,-1.0,-1.0,0.619,0.064,6.93
BP,1736082831388,YLIFE_FEED,MARKET_DATA,-1.0,-1.0,30.11,5824553.0,-1.0,-1.0,0.238,-0.041,54.31
XOM,1736082840127,YLIFE_FEED,MARKET_DATA,-1.0,-1.0,107.83,13018924.0,-1.0,-1.0,1.031,-0.08,96.54
XOM,1736082841725,YLIFE_FEED,MARKET_DATA,-1.0,-1.0,108.25,12539061.0,-1.0,-1.0,1.037,-0.104,100.0
BP,1736082841868,YLIFE_FEED,MARKET_DATA,-1.0,-1.0,30.14,5794772.0,-1.0,-1.0,0.242,-0.071,46.15
SHEL,1736082844847,YLIFE_FEED,MARKET_DATA,-1.0,-1.0,64.94,5814339.0,-1.0,-1.0,0.611,-0.075,7.89
BP,1736082849096,YLIFE_FEED,MARKET_DATA,-1.0,-1.0,30.21,5755340.0,-1.0,-1.0,0.246,-0.139,42.76
XOM,1736082849426,YLIFE_FEED,MARKET_DATA,-1.0,-1.0,107.35,12571142.0,-1.0,-1.0,1.034,0.014,92.78
SHEL,1736082849654,YLIFE_FEED,MARKET_DATA,-1.0,-1.0,64.8,5846767.0,-1.0,-1.0,0.618,-0.116,8.07
COP,1736082853833,YLIFE_FEED,MARKET_DATA,-1.0,-1.0,100.52,2318697.0,-1.0,-1.0,0.681,-0.921,84.83
COP,1736082855913,YLIFE_FEED,MARKET_DATA,-1.0,-1.0,100.87,2406590.0,-1.0,-1.0,0.668,-0.956,88.53
BP,1736082856945,YLIFE_FEED,MARKET_DATA,-1.0,-1.0,30.09,5307393.0,-1.0,-1.0,0.248,-0.082,38.74
XOM,1736082858473,YLIFE_FEED,MARKET_DATA,-1.0,-1.0,106.86,12007653.0,-1.0,-1.0,1.034,-0.119,88.36
BP,1736082858622,YLIFE_FEED,MARKET_DATA,-1.0,-1.0,30.09,5538750.0,-1.0,-1.0,0.248,-0.006,41.58
COP,1736082860129,YLIFE_FEED,MARKET_DATA,-1.0,-1.0,101.0,2421091.0,-1.0,-1.0,0.665,-0.961,86.78
SHEL,1736082862369,YLIFE_FEED,MARKET_DATA,-1.0,-1.0,64.57,6061218.0,-1.0,-1.0,0.607,-0.198,4.58
XOM,1736082863905,YLIFE_FEED,MARKET_DATA,-1.0,-1.0,106.75,11876999.0,-1.0,-1.0,1.019,-0.123,93.31
COP,1736082866051,YLIFE_FEED,MARKET_DATA,-1.0,-1.0,101.23,2501058.0,-1.0,-1.0,0.655,-0.937,81.24
BP,1736082867085,YLIFE_FEED,MARKET_DATA,-1.0,-1.0,30.16,5328376.0,-1.0,-1.0,0.244,0.174,44.56
COP,1736082870614,YLIFE_FEED,MARKET_DATA,-1.0,-1.0,101.2,2552349.0,-1.0,-1.0,0.643,-0.967,77.22
COP,1736082872308,YLIFE_FEED,MARKET_DATA,-1.0,-1.0,100.81,2788275.0,-1.0,-1.0,0.633,-0.904,77.57
XOM,1736082877672,YLIFE_FEED,MARKET_DATA,-1.0,-1.0,105.74,10917371.0,-1.0,-1.0,1.01,-0.231,100.0
BP,1736082886090,YLIFE_FEED,MARKET_DATA,-1.0,-1.0,30.24,5485762.0,-1.0,-1.0,0.243,0.12,47.34
BP,1736082887478,YLIFE_FEED,MARKET_DATA,-1.0,-1.0,30.21,5212094.0,-1.0,-1.0,0.242,0.129,50.62
COP,1736082889075,YLIFE_FEED,MARKET_DATA,-1.0,-1.0,100.43,2731705.0,-1.0,-1.0,0.607,-0.888,66.74
SHEL,1736082893046,YLIFE_FEED,MARKET_DATA,-1.0,-1.0,64.18,5995919.0,-1.0,-1.0,0.6,-0.598,4.04
SHEL,1736082894744,YLIFE_FEED,MARKET_DATA,-1.0,-1.0,64.25,5737474.0,-1.0,-1.0,0.611,-0.64,7.68
COP,1736082895711,YLIFE_FEED,MARKET_DATA,-1.0,-1.0,100.05,2656421.0,-1.0,-1.0,0.597,-0.958,71.08
XOM,1736082897424,YLIFE_FEED,MARKET_DATA,-1.0,-1.0,104.99,10222919.0,-1.0,-1.0,1.015,-0.152,95.35
XOM,1736082898135,YLIFE_FEED,MARKET_DATA,-1.0,-1.0,105.31,10103314.0,-1.0,-1.0,1.0,-0.218,93.01
SHEL,1736082899953,YLIFE_FEED,MARKET_DATA,-1.0,-1.0,63.96,5831777.0,-1.0,-1.0,0.604,-0.614,4.51
SHEL,1736082905353,YLIFE_FEED,MARKET_DATA,-1.0,-1.0,64.78,5166568.0,-1.0,-1.0,0.61,-0.622,4.67
COP,1736082906515,YLIFE_FEED,MARKET_DATA,-1.0,-1.0,100.51,2674934.0,-1.0,-1.0,0.586,-0.811,82.74
XOM,1736082907843,YLIFE_FEED,MARKET_DATA,-1.0,-1.0,104.84,9666366.0,-1.0,-1.0,0.983,-0.188,88.61
SHEL,1736082910104,YLIFE_FEED,MARKET_DATA,-1.0,-1.0,64.31,5325872.0,-1.0,-1.0,0.613,-0.535,3.62
BP,1736082914677,YLIFE_FEED,MARKET_DATA,-1.0,-1.0,30.1,4726165.0,-1.0,-1.0,0.237,-0.004,52.39
BP,1736082916590,YLIFE_FEED,MARKET_DATA,-1.0,-1.0,30.13,4651561.0,-1.0,-1.0,0.232,-0.031,53.81
BP,1736082922318,YLIFE_FEED,MARKET_DATA,-1.0,-1.0,30.22,4862661.0,-1.0,-1.0,0.235,0.01,51.06
XOM,1736082925127,YLIFE_FEED,MARKET_DATA,-1.0,-1.0,103.83,8673755.0,-1.0,-1.0,0.99,-0.324,91.82
BP,1736082925247,YLIFE_FEED,MARKET_DATA,-1.0,-1.0,30.03,4865785.0,-1.0,-1.0,0.23,0.057,48.12
XOM,1736082925524,YLIFE_FEED,MARKET_DATA,-1.0,-1.0,104.16,8936315.0,-1.0,-1.0,1.002,-0.248,93.65
COP,1736082926938,YLIFE_FEED,MARKET_DATA,-1.0,-1.0,100.84,2511561.0,-1.0,-1.0,0.6,-0.723,79.34
XOM,1736082928191,YLIFE_FEED,MARKET_DATA,-1.0,-1.0,104.64,9009219.0,-1.0,-1.0,0.992,-0.183,92.92
BP,1736082930097,YLIFE_FEED,MARKET_DATA,-1.0,-1.0,30.03,4843896.0,-1.0,-1.0,0.227,0.099,45.36
BP,1736082942279,YLIFE_FEED,MARKET_DATA,-1.0,-1.0,29.46,4687246.0,-1.0,-1.0,0.229,0.223,49.26
BP,1736082945754,YLIFE_FEED,MARKET_DATA,-1.0,-1.0,29.45,4528968.0,-1.0,-1.0,0.224,0.152,45.72
BP,1736082949152,YLIFE_FEED,MARKET_DATA,-1.0,-1.0,29.16,4427736.0,-1.0,-1.0,0.224,0.184,47.99
BP,1736082953696,YLIFE_FEED,MARKET_DATA,-1.0,-1.0,29.06,4563888.0,-1.0,-1.0,0.226,0.09,47.97
COP,1736082954658,YLIFE_FEED,MARKET_DATA,-1.0,-1.0,100.07,2369182.0,-1.0,-1.0,0.608,-0.9,80.91
COP,1736082960854,YLIFE_FEED,MARKET_DATA,-1.0,-1.0,99.93,2314961.0,-1.0,-1.0,0.604,-0.96,83.41
XOM,1736082962101,YLIFE_FEED,MARKET_DATA,-1.0,-1.0,104.69,8616644.0,-1.0,-1.0,0.984,-0.182,95.7
XOM,1736082964096,YLIFE_FEED,MARKET_DATA,-1.0,-1.0,104.9,8789845.0,-1.0,-1.0,0.992,-0.123,92.8
COP,1736082967188,YLIFE_FEED,MARKET_DATA,-1.0,-1.0,100.34,2329189.0,-1.0,-1.0,0.594,-1.0,81.27
SHEL,1736082971163,YLIFE_FEED,MARKET_DATA,-1.0,-1.0,64.53,4537679.0,-1.0,-1.0,0.629,-0.36,3.94
BP,1736082978085,YLIFE_FEED,MARKET_DATA,-1.0,-1.0,29.13,4111257.0,-1.0,-1.0,0.226,0.029,43.6
XOM,1736082980350,YLIFE_FEED,MARKET_DATA,-1.0,-1.0,104.93,8363969.0,-1.0,-1.0,1.023,-0.083,98.08
BP,1736082985319,YLIFE_FEED,MARKET_DATA,-1.0,-1.0,29.14,4151731.0,-1.0,-1.0,0.226,-0.04,48.08
SHEL,1736082986495,YLIFE_FEED,MARKET_DATA,-1.0,-1.0,64.23,4484568.0,-1.0,-1.0,0.634,-0.231,4.64
XOM,1736082991513,YLIFE_FEED,MARKET_DATA,-1.0,-1.0,105.73,9230218.0,-1.0,-1.0,1.006,-0.157,100.0
COP,1736082992309,YLIFE_FEED,MARKET_DATA,-1.0,-1.0,100.24,2071802.0,-1.0,-1.0,0.595,-0.96,87.62
SHEL,1736083000973,YLIFE_FEED,MARKET_DATA,-1.0,-1.0,64.25,4630018.0,-1.0,-1.0,0.64,-0.305,4.98
BP,1736083002059,YLIFE_FEED,MARKET_DATA,-1.0,-1.0,28.95,4015363.0,-1.0,-1.0,0.225,-0.026,51.47
COP,1736083002389,YLIFE_FEED,MARKET_DATA,-1.0,-1.0,99.76,2147052.0,-1.0,-1.0,0.6,-0.917,78.33
COP,1736083004356,YLIFE_FEED,MARKET_DATA,-1.0,-1.0,100.08,2202437.0,-1.0,-1.0,0.593,-0.843,81.21
COP,1736083009014,YLIFE_FEED,MARKET_DATA,-1.0,-1.0,100.11,2188893.0,-1.0,-1.0,0.596,-0.877,80.51
XOM,1736083010892,YLIFE_FEED,MARKET_DATA,-1.0,-1.0,107.29,9721877.0,-1.0,-1.0,1.004,-0.0,95.66
XOM,1736083016692,YLIFE_FEED,MARKET_DATA,-1.0,-1.0,107.48,9425782.0,-1.0,-1.0,1.033,-0.038,97.7
BP,1736083017920,YLIFE_FEED,MARKET_DATA,-1.0,-1.0,29.0,3920719.0,-1.0,-1.0,0.226,-0.191,44.55
SHEL,1736083020551,YLIFE_FEED,MARKET_DATA,-1.0,-1.0,64.51,4566529.0,-1.0,-1.0,0.628,-0.301,0.98
BP,1736083021343,YLIFE_FEED,MARKET_DATA,-1.0,-1.0,28.88,3926346.0,-1.0,-1.0,0.227,-0.092,51.78
BP,1736083022243,YLIFE_FEED,MARKET_DATA,-1.0,-1.0,28.94,4107188.0,-1.0,-1.0,0.229,-0.176,49.04
SHEL,1736083029916,YLIFE_FEED,MARKET_DATA,-1.0,-1.0,64.39,4458330.0,-1.0,-1.0,0.64,-0.304,0.7
BP,1736083031868,YLIFE_FEED,MARKET_DATA,-1.0,-1.0,28.97,3745199.0,-1.0,-1.0,0.226,-0.271,47.58
XOM,1736083039907,YLIFE_FEED,MARKET_DATA,-1.0,-1.0,107.2,8756178.0,-1.0,-1.0,1.042,0.086,93.57
COP,1736083049438,YLIFE_FEED,MARKET_DATA,-1.0,-1.0,100.59,1985581.0,-1.0,-1.0,0.592,-0.944,76.31
XOM,1736083055235,YLIFE_FEED,MARKET_DATA,-1.0,-1.0,106.29,9309183.0,-1.0,-1.0,1.065,-0.0,93.02
COP,1736083057750,YLIFE_FEED,MARKET_DATA,-1.0,-1.0,100.45,1766006.0,-1.0,-1.0,0.614,-1.0,67.45
BP,1736083061097,YLIFE_FEED,MARKET_DATA,-1.0,-1.0,29.12,4125031.0,-1.0,-1.0,0.227,-0.497,57.98
XOM,1736083064554,YLIFE_FEED,MARKET_DATA,-1.0,-1.0,105.89,9357877.0,-1.0,-1.0,1.057,-0.05,93.22
XOM,1736083067560,YLIFE_FEED,MARKET_DATA,-1.0,-1.0,106.68,9333551.0,-1.0,-1.0,1.034,0.024,96.55
SHEL,1736083068086,YLIFE_FEED,MARKET_DATA,-1.0,-1.0,63.56,4448335.0,-1.0,-1.0,0.627,-0.381,0.33
COP,1736083070410,YLIFE_FEED,MARKET_DATA,-1.0,-1.0,99.39,1762456.0,-1.0,-1.0,0.627,-0.86,61.15
BP,1736083070966,YLIFE_FEED,MARKET_DATA,-1.0,-1.0,29.24,4354007.0,-1.0,-1.0,0.228,-0.657,57.6
COP,1736083072466,YLIFE_FEED,MARKET_DATA,-1.0,-1.0,99.71,1679542.0,-1.0,-1.0,0.637,-0.859,57.21
SHEL,1736083077690,YLIFE_FEED,MARKET_DATA,-1.0,-1.0,63.31,4632235.0,-1.0,-1.0,0.617,-0.314,0.0
XOM,1736083085958,YLIFE_FEED,MARKET_DATA,-1.0,-1.0,106.45,9349058.0,-1.0,-1.0,1.049,0.154,98.77
XOM,1736083088079,YLIFE_FEED,MARKET_DATA,-1.0,-1.0,106.75,8802521.0,-1.0,-1.0,1.048,0.029,96.12
SHEL,1736083094059,YLIFE_FEED,MARKET_DATA,-1.0,-1.0,63.57,4661460.0,-1.0,-1.0,0.61,-0.561,1.85
XOM,1736083098248,YLIFE_FEED,MARKET_DATA,-1.0,-1.0,105.34,8993544.0,-1.0,-1.0,1.055,-0.054,96.99
SHEL,1736083102434,YLIFE_FEED,MARKET_DATA,-1.0,-1.0,63.57,4754143.0,-1.0,-1.0,0.609,-0.55,2.93
BP,1736083103303,YLIFE_FEED,MARKET_DATA,-1.0,-1.0,29.21,4525590.0,-1.0,-1.0,0.232,-0.599,59.01
COP,1736083104578,YLIFE_FEED,MARKET_DATA,-1.0,-1.0,99.0,1791969.0,-1.0,-1.0,0.625,-0.866,62.63
SHEL,1736083106294,YLIFE_FEED,MARKET_DATA,-1.0,-1.0,63.6,4675361.0,-1.0,-1.0,0.602,-0.529,7.17
XOM,1736083108663,YLIFE_FEED,MARKET_DATA,-1.0,-1.0,105.47,8923462.0,-1.0,-1.0,1.077,-0.029,99.75
XOM,1736083111256,YLIFE_FEED,MARKET_DATA,-1.0,-1.0,106.07,8446246.0,-1.0,-1.0,1.071,-0.021,95.42
BP,1736083120360,YLIFE_FEED,MARKET_DATA,-1.0,-1.0,29.12,4475620.0,-1.0,-1.0,0.239,-0.598,52.38
COP,1736083120938,YLIFE_FEED,MARKET_DATA,-1.0,-1.0,98.66,1842994.0,-1.0,-1.0,0.655,-0.895,69.66
COP,1736083123709,YLIFE_FEED,MARKET_DATA,-1.0,-1.0,99.04,1888927.0,-1.0,-1.0,0.662,-0.987,67.58
BP,1736083124731,YLIFE_FEED,MARKET_DATA,-1.0,-1.0,29.28,4592254.0,-1.0,-1.0,0.241,-0.554,54.02
SHEL,1736083126295,YLIFE_FEED,MARKET_DATA,-1.0,-1.0,63.28,4417484.0,-1.0,-1.0,0.634,-0.657,6.13
BP,1736083127692,YLIFE_FEED,MARKET_DATA,-1.0,-1.0,29.39,4421496.0,-1.0,-1.0,0.237,-0.642,54.39
BP,1736083135617,YLIFE_FEED,MARKET_DATA,-1.0,-1.0,29.26,4383651.0,-1.0,-1.0,0.235,-0.505,49.56
SHEL,1736083138550,YLIFE_FEED,MARKET_DATA,-1.0,-1.0,63.25,4325610.0,-1.0,-1.0,0.63,-0.624,6.0
SHEL,1736083139927,YLIFE_FEED,MARKET_DATA,-1.0,-1.0,63.02,4504762.0,-1.0,-1.0,0.628,-0.601,7.4
COP,1736083145978,YLIFE_FEED,MARKET_DATA,-1.0,-1.0,99.31,1938525.0,-1.0,-1.0,0.677,-0.883,64.78
XOM,1736083149337,YLIFE_FEED,MARKET_DATA,-1.0,-1.0,106.89,8032722.0,-1.0,-1.0,1.036,0.113,96.07
SHEL,1736083154068,YLIFE_FEED,MARKET_DATA,-1.0,-1.0,63.4,4461713.0,-1.0,-1.0,0.621,-0.706,5.28
BP,1736083155525,YLIFE_FEED,MARKET_DATA,-1.0,-1.0,29.02,4534681.0,-1.0,-1.0,0.22,-0.597,45.09
BP,1736083155865,YLIFE_FEED,MARKET_DATA,-1.0,-1.0,28.89,4636196.0,-1.0,-1.0,0.224,-0.576,47.74
COP,1736083158891,YLIFE_FEED,MARKET_DATA,-1.0,-1.0,99.61,1895606.0,-1.0,-1.0,0.678,-0.742,71.63
COP,1736083161359,YLIFE_FEED,MARKET_DATA,-1.0,-1.0,99.17,1768606.0,-1.0,-1.0,0.688,-0.849,69.69
BP,1736083164410,YLIFE_FEED,MARKET_DATA,-1.0,-1.0,28.89,4582673.0,-1.0,-1.0,0.225,-0.523,48.41
SHEL,1736083167746,YLIFE_FEED,MARKET_DATA,-1.0,-1.0,63.14,4455369.0,-1.0,-1.0,0.61,-0.747,6.39
SHEL,1736083168282,YLIFE_FEED,MARKET_DATA,-1.0,-1.0,63.52,4663985.0,-1.0,-1.0,0.594,-0.67,7.94
SHEL,1736083173613,YLIFE_FEED,MARKET_DATA,-1.0,-1.0,63.3,4801702.0,-1.0,-1.0,0.594,-0.593,4.64
XOM,1736083176544,YLIFE_FEED,MARKET_DATA,-1.0,-1.0,106.83,8454155.0,-1.0,-1.0,1.089,-0.005,94.22
XOM,1736083178637,YLIFE_FEED,MARKET_DATA,-1.0,-1.0,106.42,8773243.0,-1.0,-1.0,1.11,-0.002,92.1
SHEL,1736083179375,YLIFE_FEED,MARKET_DATA,-1.0,-1.0,63.17,5237840.0,-1.0,-1.0,0.602,-0.528,3.96
SHEL,1736083185985,YLIFE_FEED,MARKET_DATA,-1.0,-1.0,62.94,5413033.0,-1.0,-1.0,0.611,-0.622,6.32
XOM,1736083186744,YLIFE_FEED,MARKET_DATA,-1.0,-1.0,105.5,8608852.0,-1.0,-1.0,1.103,-0.095,95.34
COP,1736083187786,YLIFE_FEED,MARKET_DATA,-1.0,-1.0,99.43,1577684.0,-1.0,-1.0,0.677,-0.643,73.42
SHEL,1736083192905,YLIFE_FEED,MARKET_DATA,-1.0,-1.0,63.0,5167750.0,-1.0,-1.0,0.611,-0.712,10.17
XOM,1736083193164,YLIFE_FEED,MARKET_DATA,-1.0,-1.0,104.94,9024465.0,-1.0,-1.0,1.097,-0.128,95.24
COP,1736083196846,YLIFE_FEED,MARKET_DATA,-1.0,-1.0,99.62,1546000.0,-1.0,-1.0,0.657,-0.689,73.35
BP,1736083198310,YLIFE_FEED,MARKET_DATA,-1.0,-1.0,28.65,4256978.0,-1.0,-1.0,0.224,-0.539,51.62
SHEL,1736083198939,YLIFE_FEED,MARKET_DATA,-1.0,-1.0,63.41,5506773.0,-1.0,-1.0,0.606,-0.854,5.22
BP,1736083200220,YLIFE_FEED,MARKET_DATA,-1.0,-1.0,28.52,4349093.0,-1.0,-1.0,0.221,-0.597,50.11
COP,1736083215772,YLIFE_FEED,MARKET_DATA,-1.0,-1.0,101.02,3235950.0,-1.0,-1.0,0.401,0.43,9.36
SHEL,1736083216199,YLIFE_FEED,MARKET_DATA,-1.0,-1.0,63.94,4927234.0,-1.0,-1.0,0.483,0.687,9.92
BP,1736083218036,YLIFE_FEED,MARKET_DATA,-1.0,-1.0,30.39,6375319.0,-1.0,-1.0,0.513,-0.523,42.9
BP,1736083223848,YLIFE_FEED,MARKET_DATA,-1.0,-1.0,30.17,6504261.0,-1.0,-1.0,0.51,-0.607,44.8
BP,1736083227302,YLIFE_FEED,MARKET_DATA,-1.0,-1.0,30.35,6541201.0,-1.0,-1.0,0.523,-0.614,42.32
BP,1736083228698,YLIFE_FEED,MARKET_DATA,-1.0,-1.0,30.38,6764899.0,-1.0,-1.0,0.533,-0.69,43.07
COP,1736083237567,YLIFE_FEED,MARKET_DATA,-1.0,-1.0,100.75,3058979.0,-1.0,-1.0,0.42,0.288,13.06
COP,1736083240751,YLIFE_FEED,MARKET_DATA,-1.0,-1.0,101.73,3119716.0,-1.0,-1.0,0.427,0.332,10.9
BP,1736083242250,YLIFE_FEED,MARKET_DATA,-1.0,-1.0,30.75,6283544.0,-1.0,-1.0,0.536,-0.618,47.26
BP,1736083242783,YLIFE_FEED,MARKET_DATA,-1.0,-1.0,30.72,6433113.0,-1.0,-1.0,0.541,-0.544,43.55
SHEL,1736083243658,YLIFE_FEED,MARKET_DATA,-1.0,-1.0,64.18,5178204.0,-1.0,-1.0,0.463,0.723,3.51
BP,1736083245754,YLIFE_FEED,MARKET_DATA,-1.0,-1.0,30.69,6776951.0,-1.0,-1.0,0.555,-0.481,32.96
BP,1736083247764,YLIFE_FEED,MARKET_DATA,-1.0,-1.0,30.59,7053499.0,-1.0,-1.0,0.562,-0.539,32.56
BP,1736083249912,YLIFE_FEED,MARKET_DATA,-1.0,-1.0,30.66,7352848.0,-1.0,-1.0,0.571,-0.617,29.21
SHEL,1736083255836,YLIFE_FEED,MARKET_DATA,-1.0,-1.0,64.08,5558056.0,-1.0,-1.0,0.47,0.729,4.57
BP,1736083256791,YLIFE_FEED,MARKET_DATA,-1.0,-1.0,30.6,7422898.0,-1.0,-1.0,0.583,-0.651,40.81
BP,1736083260105,YLIFE_FEED,MARKET_DATA,-1.0,-1.0,30.53,7554517.0,-1.0,-1.0,0.595,-0.641,41.94
XOM,1736083265121,YLIFE_FEED,MARKET_DATA,-1.0,-1.0,107.58,12126866.0,-1.0,-1.0,0.508,-0.797,11.88
XOM,1736083267706,YLIFE_FEED,MARKET_DATA,-1.0,-1.0,107.98,11376782.0,-1.0,-1.0,0.517,-0.902,6.6
COP,1736083268584,YLIFE_FEED,MARKET_DATA,-1.0,-1.0,101.11,3581668.0,-1.0,-1.0,0.421,0.382,3.34
XOM,1736083268862,YLIFE_FEED,MARKET_DATA,-1.0,-1.0,107.79,11839450.0,-1.0,-1.0,0.512,-0.881,9.39
BP,1736083271329,YLIFE_FEED,MARKET_DATA,-1.0,-1.0,30.75,7210123.0,-1.0,-1.0,0.602,-0.46,40.11
COP,1736083273311,YLIFE_FEED,MARKET_DATA,-1.0,-1.0,100.72,3576586.0,-1.0,-1.0,0.425,0.461,7.75
BP,1736083280570,YLIFE_FEED,MARKET_DATA,-1.0,-1.0,30.96,7776139.0,-1.0,-1.0,0.608,-0.508,35.58
BP,1736083281686,YLIFE_FEED,MARKET_DATA,-1.0,-1.0,30.99,7843971.0,-1.0,-1.0,0.61,-0.584,39.24
SHEL,1736083283085,YLIFE_FEED,MARKET_DATA,-1.0,-1.0,64.25,5186782.0,-1.0,-1.0,0.486,0.838,0.0
BP,1736083283863,YLIFE_FEED,MARKET_DATA,-1.0,-1.0,30.92,8115033.0,-1.0,-1.0,0.599,-0.515,43.2
BP,1736083284844,YLIFE_FEED,MARKET_DATA,-1.0,-1.0,30.78,8483954.0,-1.0,-1.0,0.602,-0.552,41.11
BP,1736083288853,YLIFE_FEED,MARKET_DATA,-1.0,-1.0,30.97,9064659.0,-1.0,-1.0,0.609,-0.427,40.39
BP,1736083289796,YLIFE_FEED,MARKET_DATA,-1.0,-1.0,31.09,9177614.0,-1.0,-1.0,0.597,-0.517,41.96
SHEL,1736083294017,YLIFE_FEED,MARKET_DATA,-1.0,-1.0,64.56,5434471.0,-1.0,-1.0,0.482,0.834,1.83
BP,1736083303596,YLIFE_FEED,MARKET_DATA,-1.0,-1.0,31.22,9467255.0,-1.0,-1.0,0.626,-0.703,38.57
SHEL,1736083304086,YLIFE_FEED,MARKET_DATA,-1.0,-1.0,64.9,5514809.0,-1.0,-1.0,0.5,0.875,5.54
SHEL,1736083306078,YLIFE_FEED,MARKET_DATA,-1.0,-1.0,65.17,5724029.0,-1.0,-1.0,0.5,0.824,9.08
XOM,1736083310947,YLIFE_FEED,MARKET_DATA,-1.0,-1.0,108.72,11951743.0,-1.0,-1.0,0.522,-0.919,2.18
BP,1736083316035,YLIFE_FEED,MARKET_DATA,-1.0,-1.0,31.28,8954210.0,-1.0,-1.0,0.64,-0.669,46.1
COP,1736083316751,YLIFE_FEED,MARKET_DATA,-1.0,-1.0,101.33,3761866.0,-1.0,-1.0,0.44,0.488,1.7
SHEL,1736083316881,YLIFE_FEED,MARKET_DATA,-1.0,-1.0,65.15,6054795.0,-1.0,-1.0,0.484,0.706,10.7
COP,1736083319944,YLIFE_FEED,MARKET_DATA,-1.0,-1.0,101.78,3575881.0,-1.0,-1.0,0.448,0.581,5.4
XOM,1736083324970,YLIFE_FEED,MARKET_DATA,-1.0,-1.0,108.31,11662856.0,-1.0,-1.0,0.522,-0.872,0.0
BP,1736083330869,YLIFE_FEED,MARKET_DATA,-1.0,-1.0,31.07,8183161.0,-1.0,-1.0,0.624,-0.672,56.17
BP,1736083331337,YLIFE_FEED,MARKET_DATA,-1.0,-1.0,31.07,7803437.0,-1.0,-1.0,0.634,-0.705,51.64
BP,1736083333081,YLIFE_FEED,MARKET_DATA,-1.0,-1.0,31.05,7987979.0,-1.0,-1.0,0.636,-0.675,56.07
SHEL,1736083338424,YLIFE_FEED,MARKET_DATA,-1.0,-1.0,65.36,5732170.0,-1.0,-1.0,0.469,0.674,10.08
SHEL,1736083340294,YLIFE_FEED,MARKET_DATA,-1.0,-1.0,65.48,5521028.0,-1.0,-1.0,0.473,0.643,13.77
BP,1736083344358,YLIFE_FEED,MARKET_DATA,-1.0,-1.0,31.13,7955709.0,-1.0,-1.0,0.625,-0.579,51.7
COP,1736083346057,YLIFE_FEED,MARKET_DATA,-1.0,-1.0,101.74,3680303.0,-1.0,-1.0,0.438,0.764,9.61
COP,1736083350286,YLIFE_FEED,MARKET_DATA,-1.0,-1.0,102.59,3760162.0,-1.0,-1.0,0.428,0.745,16.31
SHEL,1736083353005,YLIFE_FEED,MARKET_DATA,-1.0,-1.0,65.54,5316389.0,-1.0,-1.0,0.466,0.646,11.13
COP,1736083357874,YLIFE_FEED,MARKET_DATA,-1.0,-1.0,102.86,3870714.0,-1.0,-1.0,0.422,0.752,15.06
BP,1736083361237,YLIFE_FEED,MARKET_DATA,-1.0,-1.0,31.15,8029121.0,-1.0,-1.0,0.621,-0.531,52.28
COP,1736083362637,YLIFE_FEED,MARKET_DATA,-1.0,-1.0,103.09,3892411.0,-1.0,-1.0,0.414,0.821,18.87
XOM,1736083364519,YLIFE_FEED,MARKET_DATA,-1.0,-1.0,107.99,11006604.0,-1.0,-1.0,0.535,-0.724,3.82
SHEL,1736083366407,YLIFE_FEED,MARKET_DATA,-1.0,-1.0,65.94,5272245.0,-1.0,-1.0,0.481,0.607,2.94
SHEL,1736083368620,YLIFE_FEED,MARKET_DATA,-1.0,-1.0,66.12,5379988.0,-1.0,-1.0,0.488,0.66,0.0
COP,1736083369430,YLIFE_FEED,MARKET_DATA,-1.0,-1.0,102.84,3824961.0,-1.0,-1.0,0.409,0.832,22.22
BP,1736083372754,YLIFE_FEED,MARKET_DATA,-1.0,-1.0,31.17,8111753.0,-1.0,-1.0,0.632,-0.552,49.44
COP,1736083376749,YLIFE_FEED,MARKET_DATA,-1.0,-1.0,102.97,3634631.0,-1.0,-1.0,0.411,0.789,27.6
BP,1736083378503,YLIFE_FEED,MARKET_DATA,-1.0,-1.0,31.24,8401910.0,-1.0,-1.0,0.638,-0.485,48.12
XOM,1736083383191,YLIFE_FEED,MARKET_DATA,-1.0,-1.0,107.84,11483760.0,-1.0,-1.0,0.535,-0.678,8.15
XOM,1736083389540,YLIFE_FEED,MARKET_DATA,-1.0,-1.0,108.29,11148475.0,-1.0,-1.0,0.528,-0.666,12.74
XOM,1736083389665,YLIFE_FEED,MARKET_DATA,-1.0,-1.0,108.76,11370043.0,-1.0,-1.0,0.534,-0.69,17.4
XOM,1736083398145,YLIFE_FEED,MARKET_DATA,-1.0,-1.0,109.08,11370474.0,-1.0,-1.0,0.533,-0.704,11.5
COP,1736083403679,YLIFE_FEED,MARKET_DATA,-1.0,-1.0,102.33,3596436.0,-1.0,-1.0,0.415,0.701,33.69
XOM,1736083408542,YLIFE_FEED,MARKET_DATA,-1.0,-1.0,109.41,10753276.0,-1.0,-1.0,0.558,-0.873,7.31
BP,1736083409138,YLIFE_FEED,MARKET_DATA,-1.0,-1.0,31.14,8299630.0,-1.0,-1.0,0.645,-0.521,48.46
COP,1736083410961,YLIFE_FEED,MARKET_DATA,-1.0,-1.0,102.38,3501389.0,-1.0,-1.0,0.419,0.616,30.42
XOM,1736083427885,YLIFE_FEED,MARKET_DATA,-1.0,-1.0,109.57,11334979.0,-1.0,-1.0,0.571,-0.954,10.13
BP,1736083429601,YLIFE_FEED,MARKET_DATA,-1.0,-1.0,31.02,7981267.0,-1.0,-1.0,0.661,-0.512,52.03
SHEL,1736083430287,YLIFE_FEED,MARKET_DATA,-1.0,-1.0,65.79,4542406.0,-1.0,-1.0,0.446,0.495,6.67
BP,1736083431957,YLIFE_FEED,MARKET_DATA,-1.0,-1.0,31.03,8021166.0,-1.0,-1.0,0.66,-0.51,55.86
SHEL,1736083433645,YLIFE_FEED,MARKET_DATA,-1.0,-1.0,65.74,4617145.0,-1.0,-1.0,0.446,0.413,5.61
SHEL,1736083436309,YLIFE_FEED,MARKET_DATA,-1.0,-1.0,65.58,4915493.0,-1.0,-1.0,0.452,0.465,7.14
XOM,1736083436422,YLIFE_FEED,MARKET_DATA,-1.0,-1.0,109.56,11339949.0,-1.0,-1.0,0.568,-1.0,7.68
BP,1736083438344,YLIFE_FEED,MARKET_DATA,-1.0,-1.0,31.06,7702191.0,-1.0,-1.0,0.647,-0.531,59.69
COP,1736083443762,YLIFE_FEED,MARKET_DATA,-1.0,-1.0,102.78,3547708.0,-1.0,-1.0,0.433,0.627,31.93
XOM,1736083444962,YLIFE_FEED,MARKET_DATA,-1.0,-1.0,110.51,11039690.0,-1.0,-1.0,0.575,-0.891,13.81
SHEL,1736083446952,YLIFE_FEED,MARKET_DATA,-1.0,-1.0,65.8,4799377.0,-1.0,-1.0,0.451,0.469,7.24
XOM,1736083450221,YLIFE_FEED,MARKET_DATA,-1.0,-1.0,110.8,11253608.0,-1.0,-1.0,0.584,-0.949,11.45
XOM,1736083451524,YLIFE_FEED,MARKET_DATA,-1.0,-1.0,110.44,11423304.0,-1.0,-1.0,0.579,-0.938,9.08
XOM,1736083462377,YLIFE_FEED,MARKET_DATA,-1.0,-1.0,110.46,11122301.0,-1.0,-1.0,0.586,-0.982,16.68
BP,1736083469373,YLIFE_FEED,MARKET_DATA,-1.0,-1.0,30.88,8045288.0,-1.0,-1.0,0.644,-0.621,79.81
COP,1736083470096,YLIFE_FEED,MARKET_DATA,-1.0,-1.0,102.73,3452024.0,-1.0,-1.0,0.432,0.59,49.88
SHEL,1736083474769,YLIFE_FEED,MARKET_DATA,-1.0,-1.0,65.76,4904725.0,-1.0,-1.0,0.456,0.563,11.62
COP,1736083483623,YLIFE_FEED,MARKET_DATA,-1.0,-1.0,103.34,3232590.0,-1.0,-1.0,0.435,0.52,49.14
BP,1736083490657,YLIFE_FEED,MARKET_DATA,-1.0,-1.0,31.02,7568306.0,-1.0,-1.0,0.629,-0.653,61.72
COP,1736083494146,YLIFE_FEED,MARKET_DATA,-1.0,-1.0,103.6,3433788.0,-1.0,-1.0,0.436,0.385,46.49
XOM,1736083495779,YLIFE_FEED,MARKET_DATA,-1.0,-1.0,110.87,10442483.0,-1.0,-1.0,0.543,-0.793,27.16
SHEL,1736083499332,YLIFE_FEED,MARKET_DATA,-1.0,-1.0,65.46,4591508.0,-1.0,-1.0,0.446,0.564,13.83
BP,1736083502399,YLIFE_FEED,MARKET_DATA,-1.0,-1.0,31.05,7972940.0,-1.0,-1.0,0.632,-0.78,64.84
SHEL,1736083505296,YLIFE_FEED,MARKET_DATA,-1.0,-1.0,65.56,4568710.0,-1.0,-1.0,0.459,0.489,10.21
XOM,1736083509162,YLIFE_FEED,MARKET_DATA,-1.0,-1.0,111.36,10365613.0,-1.0,-1.0,0.544,-0.851,20.05
COP,1736083509964,YLIFE_FEED,MARKET_DATA,-1.0,-1.0,103.72,3173220.0,-1.0,-1.0,0.446,0.426,43.31
COP,1736083510881,YLIFE_FEED,MARKET_DATA,-1.0,-1.0,103.58,3192253.0,-1.0,-1.0,0.442,0.386,44.09
XOM,1736083511156,YLIFE_FEED,MARKET_DATA,-1.0,-1.0,111.15,10094778.0,-1.0,-1.0,0.547,-0.774,20.8
COP,1736083512600,YLIFE_FEED,MARKET_DATA,-1.0,-1.0,103.71,3343029.0,-1.0,-1.0,0.443,0.461,45.41
XOM,1736083515706,YLIFE_FEED,MARKET_DATA,-1.0,-1.0,110.52,10857674.0,-1.0,-1.0,0.53,-0.612,25.96
COP,1736083516867,YLIFE_FEED,MARKET_DATA,-1.0,-1.0,103.9,3447587.0,-1.0,-1.0,0.444,0.52,45.51
XOM,1736083520160,YLIFE_FEED,MARKET_DATA,-1.0,-1.0,110.93,10916894.0,-1.0,-1.0,0.509,-0.573,21.07
XOM,1736083526431,YLIFE_FEED,MARKET_DATA,-1.0,-1.0,110.92,11301188.0,-1.0,-1.0,0.511,-0.584,18.85
XOM,1736083531017,YLIFE_FEED,MARKET_DATA,-1.0,-1.0,110.92,11031977.0,-1.0,-1.0,0.512,-0.564,23.23
COP,1736083531577,YLIFE_FEED,MARKET_DATA,-1.0,-1.0,103.88,3700903.0,-1.0,-1.0,0.44,0.559,47.18
BP,1736083534108,YLIFE_FEED,MARKET_DATA,-1.0,-1.0,31.17,7968352.0,-1.0,-1.0,0.622,-0.822,78.16
SHEL,1736083536290,YLIFE_FEED,MARKET_DATA,-1.0,-1.0,65.02,4225433.0,-1.0,-1.0,0.468,0.822,17.94
BP,1736083537196,YLIFE_FEED,MARKET_DATA,-1.0,-1.0,31.25,7918371.0,-1.0,-1.0,0.612,-0.898,76.9
COP,1736083538086,YLIFE_FEED,MARKET_DATA,-1.0,-1.0,104.28,3568182.0,-1.0,-1.0,0.438,0.498,43.64
SHEL,1736083539760,YLIFE_FEED,MARKET_DATA,-1.0,-1.0,65.24,4180561.0,-1.0,-1.0,0.477,0.798,20.14
BP,1736083541114,YLIFE_FEED,MARKET_DATA,-1.0,-1.0,31.12,7661272.0,-1.0,-1.0,0.625,-0.945,81.5
BP,1736083543426,YLIFE_FEED,MARKET_DATA,-1.0,-1.0,31.18,7595259.0,-1.0,-1.0,0.625,-0.926,86.14
SHEL,1736083548580,YLIFE_FEED,MARKET_DATA,-1.0,-1.0,65.24,4315578.0,-1.0,-1.0,0.477,0.844,21.02
BP,1736083554318,YLIFE_FEED,MARKET_DATA,-1.0,-1.0,31.05,7716116.0,-1.0,-1.0,0.599,-1.0,79.91
BP,1736083558942,YLIFE_FEED,MARKET_DATA,-1.0,-1.0,31.32,7721576.0,-1.0,-1.0,0.592,-0.952,78.19
COP,1736083562539,YLIFE_FEED,MARKET_DATA,-1.0,-1.0,104.08,3582926.0,-1.0,-1.0,0.443,0.403,32.13
SHEL,1736083565846,YLIFE_FEED,MARKET_DATA,-1.0,-1.0,65.27,4349883.0,-1.0,-1.0,0.486,0.932,21.91
COP,1736083571001,YLIFE_FEED,MARKET_DATA,-1.0,-1.0,103.97,3685980.0,-1.0,-1.0,0.441,0.377,40.3
BP,1736083575218,YLIFE_FEED,MARKET_DATA,-1.0,-1.0,31.08,7571223.0,-1.0,-1.0,0.595,-0.867,70.91
XOM,1736083577635,YLIFE_FEED,MARKET_DATA,-1.0,-1.0,110.91,10401602.0,-1.0,-1.0,0.527,-0.412,35.63
XOM,1736083579268,YLIFE_FEED,MARKET_DATA,-1.0,-1.0,110.96,10343645.0,-1.0,-1.0,0.524,-0.455,37.58
SHEL,1736083583312,YLIFE_FEED,MARKET_DATA,-1.0,-1.0,65.69,4543623.0,-1.0,-1.0,0.504,0.916,27.33
BP,1736083591415,YLIFE_FEED,MARKET_DATA,-1.0,-1.0,31.13,7979877.0,-1.0,-1.0,0.612,-0.855,71.73
BP,1736083592895,YLIFE_FEED,MARKET_DATA,-1.0,-1.0,31.26,7757317.0,-1.0,-1.0,0.612,-0.905,73.96
BP,1736083595669,YLIFE_FEED,MARKET_DATA,-1.0,-1.0,31.13,7348014.0,-1.0,-1.0,0.602,-0.755,69.9
SHEL,1736083599288,YLIFE_FEED,MARKET_DATA,-1.0,-1.0,65.57,4976124.0,-1.0,-1.0,0.495,0.754,38.96
COP,1736083600014,YLIFE_FEED,MARKET_DATA,-1.0,-1.0,103.78,3904705.0,-1.0,-1.0,0.425,0.348,37.32
BP,1736083604210,YLIFE_FEED,MARKET_DATA,-1.0,-1.0,31.4,6801736.0,-1.0,-1.0,0.588,-0.722,69.79
XOM,1736083609064,YLIFE_FEED,MARKET_DATA,-1.0,-1.0,112.54,12681344.0,-1.0,-1.0,0.555,-0.427,36.92
XOM,1736083615598,YLIFE_FEED,MARKET_DATA,-1.0,-1.0,111.92,13295673.0,-1.0,-1.0,0.576,-0.526,31.09
SHEL,1736083615928,YLIFE_FEED,MARKET_DATA,-1.0,-1.0,65.15,4858798.0,-1.0,-1.0,0.495,0.614,41.54
COP,1736083623508,YLIFE_FEED,MARKET_DATA,-1.0,-1.0,103.79,3806533.0,-1.0,-1.0,0.411,0.233,24.38
BP,1736083626266,YLIFE_FEED,MARKET_DATA,-1.0,-1.0,31.61,6922933.0,-1.0,-1.0,0.594,-0.818,72.06
XOM,1736083626562,YLIFE_FEED,MARKET_DATA,-1.0,-1.0,111.76,12627221.0,-1.0,-1.0,0.582,-0.334,27.76
BP,1736083628011,YLIFE_FEED,MARKET_DATA,-1.0,-1.0,31.38,7199718.0,-1.0,-1.0,0.599,-0.92,70.01
COP,1736083630934,YLIFE_FEED,MARKET_DATA,-1.0,-1.0,103.18,3701124.0,-1.0,-1.0,0.416,0.27,24.31
COP,1736083631350,YLIFE_FEED,MARKET_DATA,-1.0,-1.0,102.87,3774407.0,-1.0,-1.0,0.41,0.276,29.16
BP,1736083641123,YLIFE_FEED,MARKET_DATA,-1.0,-1.0,31.02,6628616.0,-1.0,-1.0,0.6,-0.883,73.19
XOM,1736083648481,YLIFE_FEED,MARKET_DATA,-1.0,-1.0,111.98,12627013.0,-1.0,-1.0,0.557,-0.351,26.83
BP,1736083661204,YLIFE_FEED,MARKET_DATA,-1.0,-1.0,31.09,7343366.0,-1.0,-1.0,0.605,-1.0,73.82
BP,1736083663046,YLIFE_FEED,MARKET_DATA,-1.0,-1.0,30.97,7540458.0,-1.0,-1.0,0.616,-1.0,78.01
COP,1736083663870,YLIFE_FEED,MARKET_DATA,-1.0,-1.0,102.93,3647774.0,-1.0,-1.0,0.426,0.507,21.1
XOM,1736083665490,YLIFE_FEED,MARKET_DATA,-1.0,-1.0,111.3,11907401.0,-1.0,-1.0,0.549,-0.396,23.5
BP,1736083669911,YLIFE_FEED,MARKET_DATA,-1.0,-1.0,30.87,6546943.0,-1.0,-1.0,0.617,-1.0,82.99
BP,1736083671574,YLIFE_FEED,MARKET_DATA,-1.0,-1.0,31.03,6635440.0,-1.0,-1.0,0.618,-0.961,83.98
COP,1736083674778,YLIFE_FEED,MARKET_DATA,-1.0,-1.0,103.54,3980459.0,-1.0,-1.0,0.422,0.647,16.45
SHEL,1736083676778,YLIFE_FEED,MARKET_DATA,-1.0,-1.0,64.56,4436033.0,-1.0,-1.0,0.473,0.394,32.81
COP,1736083682235,YLIFE_FEED,MARKET_DATA,-1.0,-1.0,103.81,4152847.0,-1.0,-1.0,0.429,0.722,15.49
SHEL,1736083686845,YLIFE_FEED,MARKET_DATA,-1.0,-1.0,64.74,4215046.0,-1.0,-1.0,0.483,0.559,36.42
XOM,1736083687675,YLIFE_FEED,MARKET_DATA,-1.0,-1.0,111.29,12124233.0,-1.0,-1.0,0.545,-0.302,25.61
BP,1736083692217,YLIFE_FEED,MARKET_DATA,-1.0,-1.0,30.69,6814781.0,-1.0,-1.0,0.596,-0.915,83.63
BP,1736083693405,YLIFE_FEED,MARKET_DATA,-1.0,-1.0,30.55,7092098.0,-1.0,-1.0,0.597,-1.0,79.18
XOM,1736083700071,YLIFE_FEED,MARKET_DATA,-1.0,-1.0,112.93,12107616.0,-1.0,-1.0,0.541,-0.434,19.49
SHEL,1736083709032,YLIFE_FEED,MARKET_DATA,-1.0,-1.0,63.91,3868376.0,-1.0,-1.0,0.489,0.754,39.31
COP,1736083710416,YLIFE_FEED,MARKET_DATA,-1.0,-1.0,103.17,4131844.0,-1.0,-1.0,0.422,0.794,20.85
COP,1736083712738,YLIFE_FEED,MARKET_DATA,-1.0,-1.0,102.76,4207401.0,-1.0,-1.0,0.415,0.868,20.69
COP,1736083715132,YLIFE_FEED,MARKET_DATA,-1.0,-1.0,102.78,4099942.0,-1.0,-1.0,0.41,0.867,17.4
SHEL,1736083716677,YLIFE_FEED,MARKET_DATA,-1.0,-1.0,63.5,4134796.0,-1.0,-1.0,0.487,0.827,45.48
SHEL,1736083719383,YLIFE_FEED,MARKET_DATA,-1.0,-1.0,63.72,3980844.0,-1.0,-1.0,0.488,0.9,48.16
COP,1736083720624,YLIFE_FEED,MARKET_DATA,-1.0,-1.0,102.87,4165877.0,-1.0,-1.0,0.402,0.866,15.16
COP,1736083723215,YLIFE_FEED,MARKET_DATA,-1.0,-1.0,102.62,4333488.0,-1.0,-1.0,0.399,0.767,18.31
SHEL,1736083726745,YLIFE_FEED,MARKET_DATA,-1.0,-1.0,63.65,3779573.0,-1.0,-1.0,0.489,0.886,53.69
XOM,1736083729169,YLIFE_FEED,MARKET_DATA,-1.0,-1.0,112.84,9970766.0,-1.0,-1.0,0.543,-0.463,33.23
XOM,1736083732334,YLIFE_FEED,MARKET_DATA,-1.0,-1.0,112.45,9734756.0,-1.0,-1.0,0.538,-0.449,30.45
SHEL,1736083734077,YLIFE_FEED,MARKET_DATA,-1.0,-1.0,64.32,3707754.0,-1.0,-1.0,0.497,0.893,58.14
COP,1736083736047,YLIFE_FEED,MARKET_DATA,-1.0,-1.0,102.26,4174921.0,-1.0,-1.0,0.399,0.712,16.5
BP,1736083738382,YLIFE_FEED,MARKET_DATA,-1.0,-1.0,30.37,6836108.0,-1.0,-1.0,0.587,-0.803,68.65
COP,1736083738992,YLIFE_FEED,MARKET_DATA,-1.0,-1.0,102.26,4256055.0,-1.0,-1.0,0.397,0.651,17.87
XOM,1736083742523,YLIFE_FEED,MARKET_DATA,-1.0,-1.0,112.15,9709174.0,-1.0,-1.0,0.546,-0.601,31.29
COP,1736083746885,YLIFE_FEED,MARKET_DATA,-1.0,-1.0,102.7,4032330.0,-1.0,-1.0,0.406,0.688,24.85
BP,1736083747645,YLIFE_FEED,MARKET_DATA,-1.0,-1.0,30.44,6550710.0,-1.0,-1.0,0.588,-0.84,79.45
BP,1736083749588,YLIFE_FEED,MARKET_DATA,-1.0,-1.0,30.53,6581377.0,-1.0,-1.0,0.579,-0.771,79.75
BP,1736083750832,YLIFE_FEED,MARKET_DATA,-1.0,-1.0,30.52,6647540.0,-1.0,-1.0,0.572,-0.747,82.4
XOM,1736083756795,YLIFE_FEED,MARKET_DATA,-1.0,-1.0,111.53,8792144.0,-1.0,-1.0,0.567,-0.509,27.54
COP,1736083762561,YLIFE_FEED,MARKET_DATA,-1.0,-1.0,102.63,3966838.0,-1.0,-1.0,0.417,0.65,26.45
XOM,1736083769025,YLIFE_FEED,MARKET_DATA,-1.0,-1.0,113.01,8938588.0,-1.0,-1.0,0.56,-0.436,25.66
BP,1736083773961,YLIFE_FEED,MARKET_DATA,-1.0,-1.0,30.77,6367353.0,-1.0,-1.0,0.584,-0.895,85.48
XOM,1736083775903,YLIFE_FEED,MARKET_DATA,-1.0,-1.0,113.15,8728380.0,-1.0,-1.0,0.571,-0.461,25.98
SHEL,1736083790304,YLIFE_FEED,MARKET_DATA,-1.0,-1.0,64.42,3443241.0,-1.0,-1.0,0.469,0.655,66.09
XOM,1736083791415,YLIFE_FEED,MARKET_DATA,-1.0,-1.0,112.78,8931015.0,-1.0,-1.0,0.569,-0.517,22.52
BP,1736083794121,YLIFE_FEED,MARKET_DATA,-1.0,-1.0,30.85,6234339.0,-1.0,-1.0,0.602,-0.809,90.91
XOM,1736083797033,YLIFE_FEED,MARKET_DATA,-1.0,-1.0,112.1,9563256.0,-1.0,-1.0,0.573,-0.512,30.5
XOM,1736083798110,YLIFE_FEED,MARKET_DATA,-1.0,-1.0,112.41,9203515.0,-1.0,-1.0,0.577,-0.61,26.71
COP,1736083798366,YLIFE_FEED,MARKET_DATA,-1.0,-1.0,102.23,3766006.0,-1.0,-1.0,0.399,0.671,25.72
SHEL,1736083809303,YLIFE_FEED,MARKET_DATA,-1.0,-1.0,65.02,3738169.0,-1.0,-1.0,0.46,0.62,58.42
XOM,1736083810640,YLIFE_FEED,MARKET_DATA,-1.0,-1.0,107.53,12515031.0,-1.0,-1.0,1.285,-0.13,84.69
SHEL,1736083811863,YLIFE_FEED,MARKET_DATA,-1.0,-1.0,64.63,5484659.0,-1.0,-1.0,1.479,0.431,81.95
BP,1736083812824,YLIFE_FEED,MARKET_DATA,-1.0,-1.0,30.38,6249830.0,-1.0,-1.0,0.681,-0.47,28.63
SHEL,1736083814813,YLIFE_FEED,MARKET_DATA,-1.0,-1.0,64.47,5476756.0,-1.0,-1.0,1.507,0.508,80.8
SHEL,1736083819958,YLIFE_FEED,MARKET_DATA,-1.0,-1.0,64.78,5797462.0,-1.0,-1.0,1.515,0.506,89.11
XOM,1736083821371,YLIFE_FEED,MARKET_DATA,-1.0,-1.0,107.23,11826589.0,-1.0,-1.0,1.258,-0.089,86.33
COP,1736083826194,YLIFE_FEED,MARKET_DATA,-1.0,-1.0,101.11,3257121.0,-1.0,-1.0,0.404,0.795,4.7
XOM,1736083830080,YLIFE_FEED,MARKET_DATA,-1.0,-1.0,107.34,11561335.0,-1.0,-1.0,1.227,-0.277,85.51
BP,1736083834719,YLIFE_FEED,MARKET_DATA,-1.0,-1.0,30.35,6013069.0,-1.0,-1.0,0.684,-0.589,35.63
SHEL,1736083837986,YLIFE_FEED,MARKET_DATA,-1.0,-1.0,63.9,5482185.0,-1.0,-1.0,1.456,0.719,89.01
SHEL,1736083839194,YLIFE_FEED,MARKET_DATA,-1.0,-1.0,63.82,5514619.0,-1.0,-1.0,1.45,0.735,88.96
BP,1736083844606,YLIFE_FEED,MARKET_DATA,-1.0,-1.0,30.32,5762017.0,-1.0,-1.0,0.692,-0.601,40.12
SHEL,1736083848960,YLIFE_FEED,MARKET_DATA,-1.0,-1.0,63.11,5359960.0,-1.0,-1.0,1.456,0.747,85.11
SHEL,1736083850673,YLIFE_FEED,MARKET_DATA,-1.0,-1.0,62.97,5537148.0,-1.0,-1.0,1.452,0.74,84.54
COP,1736083852078,YLIFE_FEED,MARKET_DATA,-1.0,-1.0,100.59,3127381.0,-1.0,-1.0,0.402,0.91,10.62
XOM,1736083853785,YLIFE_FEED,MARKET_DATA,-1.0,-1.0,107.67,11213036.0,-1.0,-1.0,1.229,-0.413,85.1
COP,1736083855011,YLIFE_FEED,MARKET_DATA,-1.0,-1.0,101.7,3003626.0,-1.0,-1.0,0.39,0.918,15.39
BP,1736083860929,YLIFE_FEED,MARKET_DATA,-1.0,-1.0,30.31,5669351.0,-1.0,-1.0,0.701,-0.581,41.17
SHEL,1736083865877,YLIFE_FEED,MARKET_DATA,-1.0,-1.0,63.46,5752873.0,-1.0,-1.0,1.456,0.864,84.31
COP,1736083866421,YLIFE_FEED,MARKET_DATA,-1.0,-1.0,100.6,2786816.0,-1.0,-1.0,0.382,0.902,5.91
SHEL,1736083870209,YLIFE_FEED,MARKET_DATA,-1.0,-1.0,63.24,5569946.0,-1.0,-1.0,1.433,0.904,82.23
SHEL,1736083876699,YLIFE_FEED,MARKET_DATA,-1.0,-1.0,63.33,5678313.0,-1.0,-1.0,1.456,0.795,86.82
COP,1736083877116,YLIFE_FEED,MARKET_DATA,-1.0,-1.0,102.81,2866189.0,-1.0,-1.0,0.361,1.0,10.27
SHEL,1736083877990,YLIFE_FEED,MARKET_DATA,-1.0,-1.0,63.28,5857133.0,-1.0,-1.0,1.447,0.77,83.76
XOM,1736083881472,YLIFE_FEED,MARKET_DATA,-1.0,-1.0,107.72,12358286.0,-1.0,-1.0,1.238,-0.412,79.94
COP,1736083882861,YLIFE_FEED,MARKET_DATA,-1.0,-1.0,102.95,2878550.0,-1.0,-1.0,0.357,0.91,8.48
XOM,1736083884607,YLIFE_FEED,MARKET_DATA,-1.0,-1.0,108.22,12936993.0,-1.0,-1.0,1.215,-0.504,77.67
BP,1736083887146,YLIFE_FEED,MARKET_DATA,-1.0,-1.0,30.07,5745241.0,-1.0,-1.0,0.703,-0.725,48.81
BP,1736083888963,YLIFE_FEED,MARKET_DATA,-1.0,-1.0,30.03,5552355.0,-1.0,-1.0,0.709,-0.783,49.27
BP,1736083894958,YLIFE_FEED,MARKET_DATA,-1.0,-1.0,29.9,5697969.0,-1.0,-1.0,0.716,-0.71,44.46
COP,1736083898850,YLIFE_FEED,MARKET_DATA,-1.0,-1.0,102.67,2767164.0,-1.0,-1.0,0.367,0.907,14.68
COP,1736083906291,YLIFE_FEED,MARKET_DATA,-1.0,-1.0,102.9,2675030.0,-1.0,-1.0,0.363,0.951,11.7
BP,1736083913187,YLIFE_FEED,MARKET_DATA,-1.0,-1.0,30.25,6201094.0,-1.0,-1.0,0.73,-0.614,40.53
COP,1736083915071,YLIFE_FEED,MARKET_DATA,-1.0,-1.0,102.3,2484431.0,-1.0,-1.0,0.363,0.992,11.33
XOM,1736083919047,YLIFE_FEED,MARKET_DATA,-1.0,-1.0,107.6,13158201.0,-1.0,-1.0,1.214,-0.599,69.95
COP,1736083924024,YLIFE_FEED,MARKET_DATA,-1.0,-1.0,102.5,2346985.0,-1.0,-1.0,0.367,0.972,11.8
SHEL,1736083924385,YLIFE_FEED,MARKET_DATA,-1.0,-1.0,63.26,5302428.0,-1.0,-1.0,1.435,0.592,80.76
SHEL,1736083928945,YLIFE_FEED,MARKET_DATA,-1.0,-1.0,63.13,5431689.0,-1.0,-1.0,1.421,0.544,76.97
COP,1736083930196,YLIFE_FEED,MARKET_DATA,-1.0,-1.0,102.58,2249547.0,-1.0,-1.0,0.363,0.867,12.71
BP,1736083937748,YLIFE_FEED,MARKET_DATA,-1.0,-1.0,30.1,6772760.0,-1.0,-1.0,0.763,-0.491,39.02
COP,1736083940278,YLIFE_FEED,MARKET_DATA,-1.0,-1.0,103.79,2211699.0,-1.0,-1.0,0.372,0.93,14.27
COP,1736083945505,YLIFE_FEED,MARKET_DATA,-1.0,-1.0,102.78,2320489.0,-1.0,-1.0,0.374,1.0,16.83
BP,1736083947983,YLIFE_FEED,MARKET_DATA,-1.0,-1.0,30.03,7049673.0,-1.0,-1.0,0.767,-0.414,41.53
COP,1736083948661,YLIFE_FEED,MARKET_DATA,-1.0,-1.0,102.95,2372714.0,-1.0,-1.0,0.368,1.0,13.19
XOM,1736083954741,YLIFE_FEED,MARKET_DATA,-1.0,-1.0,108.51,14487695.0,-1.0,-1.0,1.245,-0.619,75.49
COP,1736083956689,YLIFE_FEED,MARKET_DATA,-1.0,-1.0,102.73,2356189.0,-1.0,-1.0,0.362,1.0,17.32
SHEL,1736083961627,YLIFE_FEED,MARKET_DATA,-1.0,-1.0,63.66,5366223.0,-1.0,-1.0,1.347,0.385,77.43
SHEL,1736083964563,YLIFE_FEED,MARKET_DATA,-1.0,-1.0,63.93,5284979.0,-1.0,-1.0,1.322,0.483,81.16
SHEL,1736083965467,YLIFE_FEED,MARKET_DATA,-1.0,-1.0,64.11,5510921.0,-1.0,-1.0,1.32,0.533,77.65
COP,1736083967403,YLIFE_FEED,MARKET_DATA,-1.0,-1.0,102.64,2350852.0,-1.0,-1.0,0.369,0.853,8.49
BP,1736083967608,YLIFE_FEED,MARKET_DATA,-1.0,-1.0,30.18,6886543.0,-1.0,-1.0,0.752,-0.321,42.83
BP,1736083968122,YLIFE_FEED,MARKET_DATA,-1.0,-1.0,30.19,6927102.0,-1.0,-1.0,0.747,-0.233,47.15
SHEL,1736083970818,YLIFE_FEED,MARKET_DATA,-1.0,-1.0,64.11,5417493.0,-1.0,-1.0,1.317,0.588,82.08
XOM,1736083974448,YLIFE_FEED,MARKET_DATA,-1.0,-1.0,109.37,14147832.0,-1.0,-1.0,1.236,-0.815,83.45
BP,1736083975406,YLIFE_FEED,MARKET_DATA,-1.0,-1.0,30.19,6859503.0,-1.0,-1.0,0.742,-0.004,49.29
COP,1736083976218,YLIFE_FEED,MARKET_DATA,-1.0,-1.0,102.35,2245252.0,-1.0,-1.0,0.371,0.807,5.44
SHEL,1736083980972,YLIFE_FEED,MARKET_DATA,-1.0,-1.0,64.04,5475091.0,-1.0,-1.0,1.334,0.612,89.18
COP,1736083982320,YLIFE_FEED,MARKET_DATA,-1.0,-1.0,101.99,2158101.0,-1.0,-1.0,0.368,0.668,0.59
COP,1736083984760,YLIFE_FEED,MARKET_DATA,-1.0,-1.0,102.29,2104530.0,-1.0,-1.0,0.364,0.732,5.01
SHEL,1736083985201,YLIFE_FEED,MARKET_DATA,-1.0,-1.0,63.8,5912469.0,-1.0,-1.0,1.35,0.591,96.04
XOM,1736083985750,YLIFE_FEED,MARKET_DATA,-1.0,-1.0,109.77,13734827.0,-1.0,-1.0,1.227,-0.834,80.93
COP,1736083987000,YLIFE_FEED,MARKET_DATA,-1.0,-1.0,101.82,2101803.0,-1.0,-1.0,0.359,0.819,7.6
BP,1736083988070,YLIFE_FEED,MARKET_DATA,-1.0,-1.0,30.07,7570754.0,-1.0,-1.0,0.717,-0.192,49.67
BP,1736083989135,YLIFE_FEED,MARKET_DATA,-1.0,-1.0,30.02,7242373.0,-1.0,-1.0,0.711,-0.107,49.39
XOM,1736083990419,YLIFE_FEED,MARKET_DATA,-1.0,-1.0,109.93,13340029.0,-1.0,-1.0,1.229,-0.852,84.59
COP,1736083995162,YLIFE_FEED,MARKET_DATA,-1.0,-1.0,102.16,1994756.0,-1.0,-1.0,0.366,0.741,4.05
BP,1736083997276,YLIFE_FEED,MARKET_DATA,-1.0,-1.0,30.14,6905093.0,-1.0,-1.0,0.713,-0.008,50.62
BP,1736083997775,YLIFE_FEED,MARKET_DATA,-1.0,-1.0,30.14,7073051.0,-1.0,-1.0,0.704,0.035,48.04
SHEL,1736083999486,YLIFE_FEED,MARKET_DATA,-1.0,-1.0,63.73,5861177.0,-1.0,-1.0,1.34,0.723,100.0
XOM,1736084003970,YLIFE_FEED,MARKET_DATA,-1.0,-1.0,109.71,15004177.0,-1.0,-1.0,1.192,-0.877,86.95
XOM,1736084006061,YLIFE_FEED,MARKET_DATA,-1.0,-1.0,110.16,14948743.0,-1.0,-1.0,1.196,-0.8,87.14
SHEL,1736084007628,YLIFE_FEED,MARKET_DATA,-1.0,-1.0,63.67,6251148.0,-1.0,-1.0,1.364,0.794,96.2
BP,1736084009099,YLIFE_FEED,MARKET_DATA,-1.0,-1.0,29.87,6994858.0,-1.0,-1.0,0.684,-0.156,46.48
BP,1736084012116,YLIFE_FEED,MARKET_DATA,-1.0,-1.0,29.77,7066395.0,-1.0,-1.0,0.683,-0.188,48.7
BP,1736084014704,YLIFE_FEED,MARKET_DATA,-1.0,-1.0,29.91,6720090.0,-1.0,-1.0,0.675,-0.176,45.23
SHEL,1736084019175,YLIFE_FEED,MARKET_DATA,-1.0,-1.0,63.59,6555997.0,-1.0,-1.0,1.335,0.667,97.49
SHEL,1736084023976,YLIFE_FEED,MARKET_DATA,-1.0,-1.0,63.49,6701929.0,-1.0,-1.0,1.31,0.683,92.63
SHEL,1736084026737,YLIFE_FEED,MARKET_DATA,-1.0,-1.0,63.43,7027667.0,-1.0,-1.0,1.316,0.692,92.13
COP,1736084029918,YLIFE_FEED,MARKET_DATA,-1.0,-1.0,102.09,1961529.0,-1.0,-1.0,0.358,0.657,6.1
XOM,1736084030823,YLIFE_FEED,MARKET_DATA,-1.0,-1.0,110.43,15646237.0,-1.0,-1.0,1.163,-0.695,72.03
COP,1736084032536,YLIFE_FEED,MARKET_DATA,-1.0,-1.0,102.55,2002743.0,-1.0,-1.0,0.351,0.63,4.67
COP,1736084033665,YLIFE_FEED,MARKET_DATA,-1.0,-1.0,102.5,1933542.0,-1.0,-1.0,0.341,0.558,3.22
SHEL,1736084038454,YLIFE_FEED,MARKET_DATA,-1.0,-1.0,62.97,7025253.0,-1.0,-1.0,1.315,0.758,91.04
SHEL,1736084039910,YLIFE_FEED,MARKET_DATA,-1.0,-1.0,63.02,6973452.0,-1.0,-1.0,1.29,0.659,86.36
BP,1736084040472,YLIFE_FEED,MARKET_DATA,-1.0,-1.0,29.91,7277472.0,-1.0,-1.0,0.672,-0.224,55.27
COP,1736084045648,YLIFE_FEED,MARKET_DATA,-1.0,-1.0,102.93,2060110.0,-1.0,-1.0,0.343,0.604,0.52
XOM,1736084051180,YLIFE_FEED,MARKET_DATA,-1.0,-1.0,110.43,14683781.0,-1.0,-1.0,1.179,-0.935,68.51
SHEL,1736084054008,YLIFE_FEED,MARKET_DATA,-1.0,-1.0,62.75,6937934.0,-1.0,-1.0,1.33,0.641,91.3
XOM,1736084062040,YLIFE_FEED,MARKET_DATA,-1.0,-1.0,111.53,14363785.0,-1.0,-1.0,1.136,-0.954,64.81
XOM,1736084062842,YLIFE_FEED,MARKET_DATA,-1.0,-1.0,111.79,14986512.0,-1.0,-1.0,1.14,-1.0,63.53
BP,1736084064018,YLIFE_FEED,MARKET_DATA,-1.0,-1.0,29.83,7778512.0,-1.0,-1.0,0.686,-0.208,52.64
COP,1736084069360,YLIFE_FEED,MARKET_DATA,-1.0,-1.0,102.92,1963465.0,-1.0,-1.0,0.337,0.6,0.0
SHEL,1736084074804,YLIFE_FEED,MARKET_DATA,-1.0,-1.0,63.29,6943822.0,-1.0,-1.0,1.311,0.837,93.79
BP,1736084077374,YLIFE_FEED,MARKET_DATA,-1.0,-1.0,29.73,8394300.0,-1.0,-1.0,0.673,-0.183,56.77
BP,1736084078097,YLIFE_FEED,MARKET_DATA,-1.0,-1.0,29.67,8031960.0,-1.0,-1.0,0.678,-0.106,55.82
COP,1736084087527,YLIFE_FEED,MARKET_DATA,-1.0,-1.0,102.84,1786832.0,-1.0,-1.0,0.344,0.563,12.76
XOM,1736084087683,YLIFE_FEED,MARKET_DATA,-1.0,-1.0,111.13,13392455.0,-1.0,-1.0,1.178,-0.926,58.67
XOM,1736084104933,YLIFE_FEED,MARKET_DATA,-1.0,-1.0,110.99,13673524.0,-1.0,-1.0,1.177,-0.91,57.91
BP,1736084107492,YLIFE_FEED,MARKET_DATA,-1.0,-1.0,29.42,7789737.0,-1.0,-1.0,0.681,-0.107,38.24
BP,1736084108410,YLIFE_FEED,MARKET_DATA,-1.0,-1.0,29.53,8163614.0,-1.0,-1.0,0.692,-0.095,41.42
BP,1736084111780,YLIFE_FEED,MARKET_DATA,-1.0,-1.0,29.57,8553671.0,-1.0,-1.0,0.697,-0.133,46.08
SHEL,1736084114755,YLIFE_FEED,MARKET_DATA,-1.0,-1.0,63.75,6285640.0,-1.0,-1.0,1.32,0.799,96.08
XOM,1736084115305,YLIFE_FEED,MARKET_DATA,-1.0,-1.0,111.88,13346027.0,-1.0,-1.0,1.189,-0.761,57.84
SHEL,1736084116838,YLIFE_FEED,MARKET_DATA,-1.0,-1.0,63.44,6302288.0,-1.0,-1.0,1.322,0.886,97.62
SHEL,1736084119830,YLIFE_FEED,MARKET_DATA,-1.0,-1.0,63.15,6527659.0,-1.0,-1.0,1.343,0.795,100.0
COP,1736084121152,YLIFE_FEED,MARKET_DATA,-1.0,-1.0,102.97,1694058.0,-1.0,-1.0,0.345,0.493,10.49
SHEL,1736084121531,YLIFE_FEED,MARKET_DATA,-1.0,-1.0,63.1,6746177.0,-1.0,-1.0,1.348,0.818,99.6
SHEL,1736084123803,YLIFE_FEED,MARKET_DATA,-1.0,-1.0,63.39,6841660.0,-1.0,-1.0,1.349,0.806,100.0
XOM,1736084125335,YLIFE_FEED,MARKET_DATA,-1.0,-1.0,111.87,13437964.0,-1.0,-1.0,1.183,-0.875,60.98
SHEL,1736084125521,YLIFE_FEED,MARKET_DATA,-1.0,-1.0,63.43,7088811.0,-1.0,-1.0,1.369,0.812,100.0
COP,1736084132729,YLIFE_FEED,MARKET_DATA,-1.0,-1.0,102.1,1629660.0,-1.0,-1.0,0.341,0.43,9.12
XOM,1736084134300,YLIFE_FEED,MARKET_DATA,-1.0,-1.0,111.71,13738651.0,-1.0,-1.0,1.179,-0.842,60.68
XOM,1736084138150,YLIFE_FEED,MARKET_DATA,-1.0,-1.0,111.68,13799875.0,-1.0,-1.0,1.181,-0.77,65.15
BP,1736084139900,YLIFE_FEED,MARKET_DATA,-1.0,-1.0,29.58,7974483.0,-1.0,-1.0,0.679,-0.134,53.31
SHEL,1736084142901,YLIFE_FEED,MARKET_DATA,-1.0,-1.0,63.89,7247804.0,-1.0,-1.0,1.389,0.83,96.82
SHEL,1736084143464,YLIFE_FEED,MARKET_DATA,-1.0,-1.0,64.03,7126828.0,-1.0,-1.0,1.39,0.898,98.86
SHEL,1736084145709,YLIFE_FEED,MARKET_DATA,-1.0,-1.0,64.12,7096944.0,-1.0,-1.0,1.385,0.976,100.0
BP,1736084145854,YLIFE_FEED,MARKET_DATA,-1.0,-1.0,29.59,8203424.0,-1.0,-1.0,0.68,-0.046,56.04
COP,1736084149140,YLIFE_FEED,MARKET_DATA,-1.0,-1.0,101.34,1681052.0,-1.0,-1.0,0.345,0.422,10.01
SHEL,1736084153767,YLIFE_FEED,MARKET_DATA,-1.0,-1.0,64.33,6941423.0,-1.0,-1.0,1.422,0.936,96.56
SHEL,1736084156453,YLIFE_FEED,MARKET_DATA,-1.0,-1.0,64.21,7169304.0,-1.0,-1.0,1.427,0.802,95.43
SHEL,1736084157136,YLIFE_FEED,MARKET_DATA,-1.0,-1.0,63.95,6832655.0,-1.0,-1.0,1.451,0.704,96.12
BP,1736084157369,YLIFE_FEED,MARKET_DATA,-1.0,-1.0,29.6,8353400.0,-1.0,-1.0,0.682,-0.013,57.8
COP,1736084159296,YLIFE_FEED,MARKET_DATA,-1.0,-1.0,102.21,1830777.0,-1.0,-1.0,0.347,0.247,17.17
BP,1736084159920,YLIFE_FEED,MARKET_DATA,-1.0,-1.0,29.67,8042599.0,-1.0,-1.0,0.691,0.07,60.04
XOM,1736084163165,YLIFE_FEED,MARKET_DATA,-1.0,-1.0,111.42,14774893.0,-1.0,-1.0,1.157,-0.673,77.21
XOM,1736084164991,YLIFE_FEED,MARKET_DATA,-1.0,-1.0,111.07,14162792.0,-1.0,-1.0,1.142,-0.605,79.41
COP,1736084169601,YLIFE_FEED,MARKET_DATA,-1.0,-1.0,101.89,1745203.0,-1.0,-1.0,0.344,0.172,22.14
BP,1736084175396,YLIFE_FEED,MARKET_DATA,-1.0,-1.0,29.68,7818733.0,-1.0,-1.0,0.697,0.122,62.67
XOM,1736084175504,YLIFE_FEED,MARKET_DATA,-1.0,-1.0,111.34,13689343.0,-1.0,-1.0,1.164,-0.533,79.88
BP,1736084182079,YLIFE_FEED,MARKET_DATA,-1.0,-1.0,29.55,8063207.0,-1.0,-1.0,0.702,0.101,66.3
COP,1736084182645,YLIFE_FEED,MARKET_DATA,-1.0,-1.0,102.74,1803388.0,-1.0,-1.0,0.332,0.203,26.43
BP,1736084185033,YLIFE_FEED,MARKET_DATA,-1.0,-1.0,29.59,8070744.0,-1.0,-1.0,0.714,0.105,62.48
SHEL,1736084193061,YLIFE_FEED,MARKET_DATA,-1.0,-1.0,64.12,6374911.0,-1.0,-1.0,1.505,0.698,92.17
COP,1736084194594,YLIFE_FEED,MARKET_DATA,-1.0,-1.0,101.44,1619167.0,-1.0,-1.0,0.332,-0.104,16.29
SHEL,1736084199414,YLIFE_FEED,MARKET_DATA,-1.0,-1.0,63.93,6261995.0,-1.0,-1.0,1.529,0.657,90.5
SHEL,1736084207428,YLIFE_FEED,MARKET_DATA,-1.0,-1.0,64.23,6506477.0,-1.0,-1.0,1.501,0.543,84.58
BP,1736084209252,YLIFE_FEED,MARKET_DATA,-1.0,-1.0,29.33,9033766.0,-1.0,-1.0,0.737,0.059,60.6
BP,1736084213259,YLIFE_FEED,MARKET_DATA,-1.0,-1.0,29.13,8986418.0,-1.0,-1.0,0.754,0.017,56.35
XOM,1736084214045,YLIFE_FEED,MARKET_DATA,-1.0,-1.0,111.01,13375500.0,-1.0,-1.0,1.13,-0.528,86.71
COP,1736084217132,YLIFE_FEED,MARKET_DATA,-1.0,-1.0,101.49,1606104.0,-1.0,-1.0,0.332,-0.179,14.1
XOM,1736084218926,YLIFE_FEED,MARKET_DATA,-1.0,-1.0,111.28,13421847.0,-1.0,-1.0,1.159,-0.498,94.13
COP,1736084223678,YLIFE_FEED,MARKET_DATA,-1.0,-1.0,101.68,1630809.0,-1.0,-1.0,0.338,-0.115,5.88
COP,1736084227717,YLIFE_FEED,MARKET_DATA,-1.0,-1.0,101.96,1695349.0,-1.0,-1.0,0.332,-0.17,4.91
XOM,1736084228448,YLIFE_FEED,MARKET_DATA,-1.0,-1.0,110.99,14154943.0,-1.0,-1.0,1.094,-0.588,98.39
XOM,1736084229655,YLIFE_FEED,MARKET_DATA,-1.0,-1.0,111.28,13804723.0,-1.0,-1.0,1.082,-0.654,94.97
COP,1736084231370,YLIFE_FEED,MARKET_DATA,-1.0,-1.0,101.8,1727890.0,-1.0,-1.0,0.326,-0.192,3.81
BP,1736084233445,YLIFE_FEED,MARKET_DATA,-1.0,-1.0,29.02,8588327.0,-1.0,-1.0,0.734,0.176,63.92
BP,1736084234856,YLIFE_FEED,MARKET_DATA,-1.0,-1.0,28.96,8477294.0,-1.0,-1.0,0.736,0.153,61.24
XOM,1736084236630,YLIFE_FEED,MARKET_DATA,-1.0,-1.0,112.68,13215558.0,-1.0,-1.0,1.137,-0.703,99.93
BP,1736084246187,YLIFE_FEED,MARKET_DATA,-1.0,-1.0,29.15,8983843.0,-1.0,-1.0,0.758,0.074,56.9
BP,1736084250687,YLIFE_FEED,MARKET_DATA,-1.0,-1.0,29.22,9244968.0,-1.0,-1.0,0.769,-0.077,62.18
XOM,1736084252175,YLIFE_FEED,MARKET_DATA,-1.0,-1.0,112.39,12814737.0,-1.0,-1.0,1.09,-0.687,99.47
BP,1736084256052,YLIFE_FEED,MARKET_DATA,-1.0,-1.0,29.26,9296234.0,-1.0,-1.0,0.79,-0.105,57.89
XOM,1736084256853,YLIFE_FEED,MARKET_DATA,-1.0,-1.0,112.09,13037031.0,-1.0,-1.0,1.093,-0.631,98.38
COP,1736084257170,YLIFE_FEED,MARKET_DATA,-1.0,-1.0,101.77,1727721.0,-1.0,-1.0,0.324,-0.417,3.59
SHEL,1736084257921,YLIFE_FEED,MARKET_DATA,-1.0,-1.0,64.28,6335216.0,-1.0,-1.0,1.418,0.709,86.81
XOM,1736084258559,YLIFE_FEED,MARKET_DATA,-1.0,-1.0,112.02,13424893.0,-1.0,-1.0,1.102,-0.558,98.39
XOM,1736084259678,YLIFE_FEED,MARKET_DATA,-1.0,-1.0,112.37,13891146.0,-1.0,-1.0,1.119,-0.565,100.0
BP,1736084262551,YLIFE_FEED,MARKET_DATA,-1.0,-1.0,29.3,9933438.0,-1.0,-1.0,0.782,-0.249,60.68
BP,1736084266459,YLIFE_FEED,MARKET_DATA,-1.0,-1.0,29.27,10393781.0,-1.0,-1.0,0.793,-0.334,58.16
XOM,1736084267299,YLIFE_FEED,MARKET_DATA,-1.0,-1.0,111.26,13686123.0,-1.0,-1.0,1.087,-0.587,94.4
SHEL,1736084267775,YLIFE_FEED,MARKET_DATA,-1.0,-1.0,64.32,6328465.0,-1.0,-1.0,1.43,0.776,84.81
COP,1736084274695,YLIFE_FEED,MARKET_DATA,-1.0,-1.0,101.31,1662613.0,-1.0,-1.0,0.327,-0.368,4.56
XOM,1736084281280,YLIFE_FEED,MARKET_DATA,-1.0,-1.0,110.91,13370750.0,-1.0,-1.0,1.096,-0.798,90.5
COP,1736084285761,YLIFE_FEED,MARKET_DATA,-1.0,-1.0,100.57,1685394.0,-1.0,-1.0,0.323,-0.6,16.35
SHEL,1736084286128,YLIFE_FEED,MARKET_DATA,-1.0,-1.0,64.97,5899992.0,-1.0,-1.0,1.474,0.972,78.87
SHEL,1736084295877,YLIFE_FEED,MARKET_DATA,-1.0,-1.0,65.43,5392851.0,-1.0,-1.0,1.439,0.918,81.11
SHEL,1736084296414,YLIFE_FEED,MARKET_DATA,-1.0,-1.0,65.64,5483291.0,-1.0,-1.0,1.416,0.853,82.6
BP,1736084296992,YLIFE_FEED,MARKET_DATA,-1.0,-1.0,29.36,10185893.0,-1.0,-1.0,0.771,-0.386,60.64
XOM,1736084302354,YLIFE_FEED,MARKET_DATA,-1.0,-1.0,111.59,13983223.0,-1.0,-1.0,1.082,-0.842,95.54
BP,1736084303082,YLIFE_FEED,MARKET_DATA,-1.0,-1.0,29.32,9785558.0,-1.0,-1.0,0.773,-0.419,64.01
XOM,1736084312073,YLIFE_FEED,MARKET_DATA,-1.0,-1.0,111.6,14731570.0,-1.0,-1.0,1.117,-0.928,87.52
SHEL,1736084313381,YLIFE_FEED,MARKET_DATA,-1.0,-1.0,65.79,5708882.0,-1.0,-1.0,1.419,0.845,89.38
COP,1736084313826,YLIFE_FEED,MARKET_DATA,-1.0,-1.0,101.29,1729632.0,-1.0,-1.0,0.329,-0.732,11.14
COP,1736084315445,YLIFE_FEED,MARKET_DATA,-1.0,-1.0,101.51,1673823.0,-1.0,-1.0,0.326,-0.664,8.39
COP,1736084319232,YLIFE_FEED,MARKET_DATA,-1.0,-1.0,101.3,1696484.0,-1.0,-1.0,0.327,-0.628,8.66
SHEL,1736084321673,YLIFE_FEED,MARKET_DATA,-1.0,-1.0,65.57,5523013.0,-1.0,-1.0,1.447,0.797,85.75
SHEL,1736084322793,YLIFE_FEED,MARKET_DATA,-1.0,-1.0,65.63,5309656.0,-1.0,-1.0,1.431,0.804,89.66
XOM,1736084324195,YLIFE_FEED,MARKET_DATA,-1.0,-1.0,111.08,14476897.0,-1.0,-1.0,1.112,-0.883,82.3
BP,1736084328421,YLIFE_FEED,MARKET_DATA,-1.0,-1.0,29.36,8816784.0,-1.0,-1.0,0.711,-0.431,82.96
XOM,1736084332040,YLIFE_FEED,MARKET_DATA,-1.0,-1.0,111.0,14696861.0,-1.0,-1.0,1.108,-0.818,80.94
COP,1736084336865,YLIFE_FEED,MARKET_DATA,-1.0,-1.0,101.48,1391837.0,-1.0,-1.0,0.337,-0.458,0.93
COP,1736084339824,YLIFE_FEED,MARKET_DATA,-1.0,-1.0,101.11,1441675.0,-1.0,-1.0,0.339,-0.484,0.0
SHEL,1736084341044,YLIFE_FEED,MARKET_DATA,-1.0,-1.0,65.66,5220082.0,-1.0,-1.0,1.471,0.752,100.0
XOM,1736084342767,YLIFE_FEED,MARKET_DATA,-1.0,-1.0,111.5,13725827.0,-1.0,-1.0,1.076,-0.828,82.17
COP,1736084346155,YLIFE_FEED,MARKET_DATA,-1.0,-1.0,100.98,1374348.0,-1.0,-1.0,0.338,-0.531,0.46
BP,1736084347478,YLIFE_FEED,MARKET_DATA,-1.0,-1.0,29.13,8476563.0,-1.0,-1.0,0.704,-0.404,86.0
COP,1736084357774,YLIFE_FEED,MARKET_DATA,-1.0,-1.0,101.06,1359574.0,-1.0,-1.0,0.333,-0.481,8.75
XOM,1736084360323,YLIFE_FEED,MARKET_DATA,-1.0,-1.0,111.53,12814417.0,-1.0,-1.0,1.087,-0.746,77.9
COP,1736084362277,YLIFE_FEED,MARKET_DATA,-1.0,-1.0,101.62,1424939.0,-1.0,-1.0,0.341,-0.491,17.05
BP,1736084367531,YLIFE_FEED,MARKET_DATA,-1.0,-1.0,29.29,9248377.0,-1.0,-1.0,0.712,-0.245,84.38
BP,1736084371516,YLIFE_FEED,MARKET_DATA,-1.0,-1.0,29.27,9051888.0,-1.0,-1.0,0.699,-0.338,85.0
BP,1736084379258,YLIFE_FEED,MARKET_DATA,-1.0,-1.0,29.57,9320735.0,-1.0,-1.0,0.689,-0.33,84.94
XOM,1736084381012,YLIFE_FEED,MARKET_DATA,-1.0,-1.0,111.2,13951999.0,-1.0,-1.0,1.077,-0.618,82.42
BP,1736084389964,YLIFE_FEED,MARKET_DATA,-1.0,-1.0,29.71,10312957.0,-1.0,-1.0,0.678,-0.319,92.63
XOM,1736084392980,YLIFE_FEED,MARKET_DATA,-1.0,-1.0,111.21,15412136.0,-1.0,-1.0,1.102,-0.717,79.89
SHEL,1736084396877,YLIFE_FEED,MARKET_DATA,-1.0,-1.0,65.37,5454631.0,-1.0,-1.0,1.568,0.603,92.02
BP,1736084397517,YLIFE_FEED,MARKET_DATA,-1.0,-1.0,29.79,10563883.0,-1.0,-1.0,0.678,-0.288,84.49
COP,1736084399229,YLIFE_FEED,MARKET_DATA,-1.0,-1.0,102.09,1502689.0,-1.0,-1.0,0.323,-0.331,20.13
SHEL,1736084401813,YLIFE_FEED,MARKET_DATA,-1.0,-1.0,65.55,5482915.0,-1.0,-1.0,1.528,0.608,95.96
XOM,1736084402861,YLIFE_FEED,MARKET_DATA,-1.0,-1.0,110.74,16039600.0,-1.0,-1.0,1.106,-0.682,80.92
COP,1736084403902,YLIFE_FEED,MARKET_DATA,-1.0,-1.0,101.96,1514284.0,-1.0,-1.0,0.324,-0.248,24.34
SHEL,1736084407806,YLIFE_FEED,MARKET_DATA,-1.0,-1.0,65.69,5430943.0,-1.0,-1.0,1.526,0.565,96.87
XOM,1736084411649,YLIFE_FEED,MARKET_DATA,-1.0,-1.0,107.95,13196204.0,-1.0,-1.0,0.851,0.716,60.77
BP,1736084413612,YLIFE_FEED,MARKET_DATA,-1.0,-1.0,30.34,6416097.0,-1.0,-1.0,0.267,-0.089,57.93
BP,1736084417052,YLIFE_FEED,MARKET_DATA,-1.0,-1.0,30.38,6545566.0,-1.0,-1.0,0.262,0.067,57.55
XOM,1736084423213,YLIFE_FEED,MARKET_DATA,-1.0,-1.0,107.55,13488252.0,-1.0,-1.0,0.847,0.763,50.08
SHEL,1736084425795,YLIFE_FEED,MARKET_DATA,-1.0,-1.0,64.7,5017505.0,-1.0,-1.0,1.184,0.019,35.77
XOM,1736084427314,YLIFE_FEED,MARKET_DATA,-1.0,-1.0,107.67,13649911.0,-1.0,-1.0,0.847,0.796,48.63
BP,1736084430933,YLIFE_FEED,MARKET_DATA,-1.0,-1.0,30.4,6530163.0,-1.0,-1.0,0.268,0.452,57.71
XOM,1736084433222,YLIFE_FEED,MARKET_DATA,-1.0,-1.0,106.95,14325564.0,-1.0,-1.0,0.831,0.88,43.81
XOM,1736084434670,YLIFE_FEED,MARKET_DATA,-1.0,-1.0,107.02,15013286.0,-1.0,-1.0,0.824,0.927,43.38
BP,1736084440356,YLIFE_FEED,MARKET_DATA,-1.0,-1.0,30.32,6699829.0,-1.0,-1.0,0.265,0.555,46.02
COP,1736084442671,YLIFE_FEED,MARKET_DATA,-1.0,-1.0,100.55,3533503.0,-1.0,-1.0,0.558,0.466,6.94
BP,1736084445692,YLIFE_FEED,MARKET_DATA,-1.0,-1.0,30.22,6651891.0,-1.0,-1.0,0.265,0.6,51.37
COP,1736084451160,YLIFE_FEED,MARKET_DATA,-1.0,-1.0,100.98,3296051.0,-1.0,-1.0,0.573,0.401,7.74
BP,1736084452994,YLIFE_FEED,MARKET_DATA,-1.0,-1.0,30.31,6841645.0,-1.0,-1.0,0.268,0.578,55.91
COP,1736084453262,YLIFE_FEED,MARKET_DATA,-1.0,-1.0,101.18,3259144.0,-1.0,-1.0,0.572,0.477,5.46
BP,1736084453854,YLIFE_FEED,MARKET_DATA,-1.0,-1.0,30.44,7004073.0,-1.0,-1.0,0.263,0.606,54.25
BP,1736084455174,YLIFE_FEED,MARKET_DATA,-1.0,-1.0,30.39,6877256.0,-1.0,-1.0,0.258,0.627,58.92
SHEL,1736084465046,YLIFE_FEED,MARKET_DATA,-1.0,-1.0,65.36,5301583.0,-1.0,-1.0,1.165,-0.098,37.83
XOM,1736084465338,YLIFE_FEED,MARKET_DATA,-1.0,-1.0,105.7,14069560.0,-1.0,-1.0,0.839,0.913,37.47
BP,1736084467277,YLIFE_FEED,MARKET_DATA,-1.0,-1.0,29.92,6948933.0,-1.0,-1.0,0.252,0.76,61.17
SHEL,1736084467666,YLIFE_FEED,MARKET_DATA,-1.0,-1.0,65.44,5392272.0,-1.0,-1.0,1.163,-0.057,42.01
BP,1736084472741,YLIFE_FEED,MARKET_DATA,-1.0,-1.0,29.96,7090117.0,-1.0,-1.0,0.248,0.68,57.26
XOM,1736084477221,YLIFE_FEED,MARKET_DATA,-1.0,-1.0,105.98,13548706.0,-1.0,-1.0,0.864,0.865,39.34
COP,1736084481556,YLIFE_FEED,MARKET_DATA,-1.0,-1.0,101.39,3152140.0,-1.0,-1.0,0.575,0.554,11.22
SHEL,1736084486660,YLIFE_FEED,MARKET_DATA,-1.0,-1.0,65.19,5470573.0,-1.0,-1.0,1.159,-0.074,32.23
XOM,1736084487927,YLIFE_FEED,MARKET_DATA,-1.0,-1.0,105.95,13432775.0,-1.0,-1.0,0.851,0.962,28.24
COP,1736084489448,YLIFE_FEED,MARKET_DATA,-1.0,-1.0,101.17,3264746.0,-1.0,-1.0,0.579,0.6,13.56
SHEL,1736084489622,YLIFE_FEED,MARKET_DATA,-1.0,-1.0,64.9,5641719.0,-1.0,-1.0,1.171,-0.012,34.01
XOM,1736084491223,YLIFE_FEED,MARKET_DATA,-1.0,-1.0,106.2,13535382.0,-1.0,-1.0,0.849,0.932,30.99
COP,1736084493738,YLIFE_FEED,MARKET_DATA,-1.0,-1.0,101.29,3452619.0,-1.0,-1.0,0.578,0.611,12.0
COP,1736084496793,YLIFE_FEED,MARKET_DATA,-1.0,-1.0,101.67,3477473.0,-1.0,-1.0,0.581,0.529,16.69
SHEL,1736084497134,YLIFE_FEED,MARKET_DATA,-1.0,-1.0,65.13,5731907.0,-1.0,-1.0,1.166,-0.041,30.72
XOM,1736084503967,YLIFE_FEED,MARKET_DATA,-1.0,-1.0,105.89,12006947.0,-1.0,-1.0,0.879,0.892,35.54
BP,1736084506354,YLIFE_FEED,MARKET_DATA,-1.0,-1.0,29.77,7814867.0,-1.0,-1.0,0.254,0.652,53.58
XOM,1736084507075,YLIFE_FEED,MARKET_DATA,-1.0,-1.0,105.7,11930745.0,-1.0,-1.0,0.885,0.963,38.6
BP,1736084508513,YLIFE_FEED,MARKET_DATA,-1.0,-1.0,30.08,8003496.0,-1.0,-1.0,0.256,0.709,46.99
COP,1736084517690,YLIFE_FEED,MARKET_DATA,-1.0,-1.0,101.34,3453978.0,-1.0,-1.0,0.571,0.324,21.33
XOM,1736084521988,YLIFE_FEED,MARKET_DATA,-1.0,-1.0,105.63,11299959.0,-1.0,-1.0,0.875,1.0,39.24
BP,1736084522691,YLIFE_FEED,MARKET_DATA,-1.0,-1.0,29.97,7976087.0,-1.0,-1.0,0.254,0.656,45.11
BP,1736084524519,YLIFE_FEED,MARKET_DATA,-1.0,-1.0,29.91,7956101.0,-1.0,-1.0,0.251,0.564,42.38
XOM,1736084526638,YLIFE_FEED,MARKET_DATA,-1.0,-1.0,105.52,10826780.0,-1.0,-1.0,0.884,1.0,35.36
SHEL,1736084536373,YLIFE_FEED,MARKET_DATA,-1.0,-1.0,65.66,6875485.0,-1.0,-1.0,1.165,-0.014,42.87
XOM,1736084538163,YLIFE_FEED,MARKET_DATA,-1.0,-1.0,105.0,11127617.0,-1.0,-1.0,0.869,0.947,32.26
COP,1736084538408,YLIFE_FEED,MARKET_DATA,-1.0,-1.0,101.34,3641832.0,-1.0,-1.0,0.547,0.412,4.18
BP,1736084539882,YLIFE_FEED,MARKET_DATA,-1.0,-1.0,29.8,7711065.0,-1.0,-1.0,0.256,0.621,43.57
BP,1736084541234,YLIFE_FEED,MARKET_DATA,-1.0,-1.0,29.74,7541559.0,-1.0,-1.0,0.258,0.492,44.52
SHEL,1736084542491,YLIFE_FEED,MARKET_DATA,-1.0,-1.0,65.52,6832775.0,-1.0,-1.0,1.183,-0.019,38.5
SHEL,1736084543525,YLIFE_FEED,MARKET_DATA,-1.0,-1.0,65.63,6656983.0,-1.0,-1.0,1.176,0.065,43.18
XOM,1736084548088,YLIFE_FEED,MARKET_DATA,-1.0,-1.0,104.43,11686424.0,-1.0,-1.0,0.849,0.97,26.15
XOM,1736084550884,YLIFE_FEED,MARKET_DATA,-1.0,-1.0,105.05,11593710.0,-1.0,-1.0,0.841,0.94,30.82
SHEL,1736084552073,YLIFE_FEED,MARKET_DATA,-1.0,-1.0,65.85,6659126.0,-1.0,-1.0,1.169,-0.006,44.67
XOM,1736084552560,YLIFE_FEED,MARKET_DATA,-1.0,-1.0,105.23,11897947.0,-1.0,-1.0,0.826,0.853,32.4
COP,1736084553317,YLIFE_FEED,MARKET_DATA,-1.0,-1.0,100.32,3631174.0,-1.0,-1.0,0.55,0.162,8.52
COP,1736084554976,YLIFE_FEED,MARKET_DATA,-1.0,-1.0,101.0,3406280.0,-1.0,-1.0,0.543,0.153,11.15
BP,1736084555796,YLIFE_FEED,MARKET_DATA,-1.0,-1.0,29.76,7514126.0,-1.0,-1.0,0.251,0.553,44.75
XOM,1736084556297,YLIFE_FEED,MARKET_DATA,-1.0,-1.0,105.17,11882315.0,-1.0,-1.0,0.833,0.843,28.85
BP,1736084559785,YLIFE_FEED,MARKET_DATA,-1.0,-1.0,29.6,7436935.0,-1.0,-1.0,0.246,0.524,48.81
BP,1736084560449,YLIFE_FEED,MARKET_DATA,-1.0,-1.0,29.59,7686413.0,-1.0,-1.0,0.242,0.543,46.41
SHEL,1736084562626,YLIFE_FEED,MARKET_DATA,-1.0,-1.0,65.29,6141857.0,-1.0,-1.0,1.154,-0.012,38.22
SHEL,1736084563530,YLIFE_FEED,MARKET_DATA,-1.0,-1.0,65.41,5999880.0,-1.0,-1.0,1.137,-0.094,42.42
BP,1736084566650,YLIFE_FEED,MARKET_DATA,-1.0,-1.0,29.9,7514195.0,-1.0,-1.0,0.234,0.645,56.13
XOM,1736084567440,YLIFE_FEED,MARKET_DATA,-1.0,-1.0,105.56,11719023.0,-1.0,-1.0,0.84,0.828,38.12
